4920 6264
1180 595 1406 665 ..3-

434 800 518 881 ἔρως
540 796 755 879 ποθούμενος
777 799 831 860 est
852 797 936 880 ἔρως
966 794 1004 870 ὃς
1025 801 1196 877 ποθιῑιαι,
1228 798 1329 879 poeta
1359 791 1492 881 quaerit
1522 793 1715 880 obsequium
1737 795 1848 880 pueri,
1884 795 2007 860 amoris
2030 794 2155 880 gaudia

429 900 522 966 ultro
545 898 676 980 oblata,
710 896 751 963 of.
774 897 845 963 v.2
868 898 1001 983 χάρισαι
1025 898 1197 983 Κύπριδος
1219 899 1434 983 εὐφροσύνην
1444 898 1478 982 ¹).
1523 896 1576 962 his
1600 897 1738 984 opponit
1759 899 1927 983 ἀνάγκην,
1959 899 2084 986 inqua
2105 899 2152 963 vi-

433 1003 492 1072 des
514 1003 626 1071 inesse
649 1001 738 1090 quod
762 1001 791 1068 ei
816 1000 1005 1088 displiceat.
1059 1001 1144 1068 nihil
1176 1001 1282 1087 igitur
1313 1001 1344 1068 is
1365 1024 1486 1068 versus
1509 1001 1603 1068 dubii
1625 1001 1680 1067 vel
1702 1001 1835 1068 obscuri
1857 1002 1980 1069 habere
2002 1002 2084 1068 mihi
2106 1002 2153 1068 vi·

432 1107 532 1176 detur
554 1111 691 1196 praeter
714 1106 913 1172 vocabulum
935 1105 1092 1193 primum
1128 1112 1163 1171 et
1196 1105 1296 1172 huius
1330 1129 1460 1194 quoque
1492 1104 1695 1172 restituendi
1718 1106 1845 1194 copiam
1867 1107 1952 1172 tacit
1973 1106 2046 1193 ipse
2069 1107 2155 1172 liber

431 1211 701 1300 manuscriptus
728 1210 840 1278 oculos
864 1209 992 1276 diutius
1015 1210 1049 1275 in
1072 1209 1265 1275 litterarum
1287 1209 1440 1297 reliquiis
1464 1208 1712 1276 obscurioribus
1736 1209 1905 1295 deligenti.

561 1316 694 1404 incepit
717 1315 804 1382 enim
828 1314 914 1379 illud
937 1315 979 1380 ab
1003 1340 1025 1380 v
1047 1312 1172 1392 vocali,
1207 1335 1291 1400 quae
1325 1314 1454 1379 munita
1485 1313 1634 1379 cernitur
1667 1312 1790 1400 spiritu
1813 1337 1933 1401 aspero
1956 1320 1992 1380 et
2014 1319 2153 1380 accentu

435 1425 533 1487 acuto
555 1443 622 1486 uno
645 1417 719 1485 stili
741 1422 856 1484 tractu
879 1415 1027 1503 depicto,
1052 1416 1127 1482 dein
1149 1424 1222 1482 tres
1244 1419 1315 1482 fere
1338 1417 1473 1484 litteras
1497 1425 1774 1504 consumpserunt
1804 1418 1932 1498 tineae,
1967 1417 2018 1484 ita
2040 1423 2154 1484 tamen

435 1531 476 1591 ut
497 1522 659 1610 reliquiae
681 1527 800 1587 tenues
823 1518 960 1586 litterae
982 1546 1020 1602 ν,
1043 1542 1109 1607 qua
1131 1520 1376 1588 terminabatur
1397 1522 1595 1588 uocabulum
1617 1521 1849 1609 deperditum,
1879 1522 2085 1588 adhaereant
2105 1521 2155 1586 ul·

433 1627 553 1695 teriori
583 1625 757 1693 foraminis
787 1624 948 1710 margini,
981 1625 1147 1712 superiori
1178 1625 1243 1690 duo
1266 1633 1408 1712 puncta,
1440 1649 1524 1715 quac
1547 1627 1762 1715 pertinebant
1784 1627 1828 1694 ad
1850 1627 2001 1693 litteram
2022 1631 2152 1692 antece·

433 1732 584 1812 dentem,
614 1729 702 1796 unde
723 1729 809 1795 hano
831 1729 886 1794 vel
909 1754 931 1793 ν
953 1728 1059 1794 fuisse
1082 1729 1136 1794 vel
1160 1755 1172 1794 ι
1193 1734 1299 1816 patet.
1344 1730 1440 1796 brevi
1462 1729 1599 1807 faciam,
1635 1731 1702 1798 fuit
1724 1732 1870 1815 ὕβριν.
1923 1752 2008 1818 quae
2031 1753 2096 1795 vox
2117 1729 2153 1794 in

433 1835 636 1905 sententiam
667 1840 745 1900 ante
776 1833 981 1899 declaratam
1013 1833 1147 1919 egregio
1182 1833 1355 1900 convenit:
1390 1833 1602 1914 violentiam,
1635 1839 1735 1922 poeta
1765 1834 1832 1914 ait,
1865 1834 2001 1918 ignorat
2034 1833 2065 1898 is
2096 1832 2153 1919 qui

437 1945 616 2030 exoptatus
639 1937 734 2006 venit
757 1935 896 2026 cupido,
920 1936 942 2002 i.
966 1959 993 2003 e.
1018 1943 1149 2004 amator
1170 1936 1242 2004 sive
1265 1938 1396 2002 huctus
1420 1937 1542 2003 amoris
1566 1961 1638 2003 curn
1662 1937 1829 2003 desiderio
1854 1943 2028 2026 exceptus;
2068 1959 2153 2002 eam-

433 2069 497 2137 que
520 2042 759 2132 cogitationem
782 2041 902 2108 deinde
925 2064 985 2128 per
1009 2042 1198 2129 oppositum
1219 2041 1417 2129 amplificari
1439 2047 1474 2108 et
1497 2041 1685 2109 confirmari
1714 2043 1811 2108 docet
1834 2041 2031 2108 vocabulum
2054 2040 2153 2124 ἀνάμ-

433 2175 504 2237 ιιης,
526 2148 615 2238 quod
637 2171 710 2214 cum
732 2147 861 2233 ὕβρεως
884 2169 1105 2234 synonymum
1127 2146 1198 2212 fere
1222 2152 1284 2212 est.

569 2253 612 2320 V.
637 2253 659 2318 4
680 2252 778 2337 μῖξις,
800 2273 866 2316 non
890 2250 978 2339 quod
1001 2249 1178 2316 Cramerus
1203 2251 1296 2316 dedit
1318 2253 1422 2337 μιξις,
1452 2251 1554 2316 codex
1577 2250 1688 2316 habet.
1743 2257 1779 2315 at
1802 2250 1943 2316 offendit
1966 2251 2001 2315 in
2023 2249 2155 2334 elegan-

437 2359 484 2424 tis
507 2365 627 2445 poetae
650 2357 727 2422 lusu
750 2355 949 2422 vocabulum
971 2355 1104 2442 pingue,
1128 2355 1215 2443 quod
1238 2355 1271 2420 in
1295 2361 1415 2420 neutro
1431 2355 1645 2440 anthologiae
1662 2354 1749 2419 libro
1768 2355 1930 2420 amatorio
1953 2359 2152 2441 usurpatur;

436 2469 580 2552 usurpat
601 2461 763 2528 Palladas
786 2460 830 2526 A.
850 2459 888 2525 Ρ.
909 2459 980 2525 VII
1004 2459 1076 2542 339,
1102 2459 1122 2524 3
1145 2456 1171 2525 th
1193 2462 1280 2544 μῖξις
1302 2458 1429 2542 γονέων
1450 2461 1698 2544 θανατηφόρος,
1722 2457 1781 2522 scd
1804 2458 1876 2524 eius
1899 2455 1963 2522 loci
1986 2455 2154 2522 diversam

435 2567 599 2633 rationem
623 2588 697 2632 esse
721 2564 873 2652 adparet.
919 2563 1080 2631 meritone
1105 2563 1282 2651 displiceat
1304 2563 1384 2628 mihi
1408 2563 1527 2646 etiam,
1562 2568 1600 2628 ut
1633 2561 1668 2627 in
1700 2562 1761 2626 hcc
1784 2584 1906 2648 genere
1935 2561 2066 2649 poesis,
2099 2581 2153 2646 ge·

435 2669 518 2739 etivi
552 2670 757 2738 constructio
780 2669 926 2753 ἀνάγκης
947 2669 1050 2754 μῖξις,
1085 2693 1146 2757 pro
1178 2670 1339 2754 ἀναγκαία
1371 2670 1477 2753 μῖξις,
1512 2667 1632 2732 dubius
1664 2691 1735 2732 sum
1759 2666 1933 2754 opinionis,
1978 2671 2155 2755 praeterea

437 2775 603 2862 ἐνδέχεται
626 2781 836 2861 corruptum,
860 2780 935 2838 tota
959 2773 1128 2838 sententia
1151 2775 1305 2852 obseura,
1330 2771 1397 2836 nisi
1419 2770 1507 2858 quod
1530 2770 1734 2852 violentiam,
1759 2771 1913 2858 quoniam
1937 2794 2010 2836 cum
2031 2771 2154 2835 πάθεσι

436 2879 613 2948 coniuncta
635 2878 690 2960 sit,
716 2877 897 2965 improbam
920 2875 1132 2963 perspicitur.
1185 2881 1305 2963 poetae
1329 2897 1461 2940 sensum
1493 2875 1623 2961 aperire
1655 2882 1690 2940 et
1720 2898 1855 2942 acumen
1880 2875 2058 2960 genuinum
2081 2874 2154 2941 red-

435 2984 514 3050 dere
537 2981 649 3048 verbis
672 2981 753 3046 mihi
776 2981 892 3046 videor
916 2980 966 3046 ita
989 2981 1163 3046 scribendo

1256 3085 1361 3167 trec
1384 3083 1528 3166 ἀνάνκοε

686 3191 829 3274 πρῆξις
851 3193 1047 3275 προστίμοις
1069 3187 1261 3253 ἐνδέδεται
1284 3188 1438 3253 πάθεσιν.

439 3295 482 3363 ad
515 3295 633 3381 πρῆξις
655 3293 839 3382 Byzantini
873 3293 1022 3359 homines
1053 3291 1300 3380 interpretandi
1335 3315 1437 3357 causa.
1467 3293 1554 3376 μῖξις
1585 3292 1837 3380 adscripserunt
1869 3295 1923 3376 (f.
1947 3291 2037 3358 inira
2058 3314 2089 3378 p.
2115 3291 2156 3355 15

438 3406 507 3465 not.
524 3401 568 3485 6),
592 3398 746 3464 vocabuli
768 3421 849 3463 usus
873 3399 1053 3464 communis
1066 3399 1089 3484 ²)
1114 3405 1148 3463 et
1171 3421 1188 3463 e
1211 3397 1431 3484 scriptoribus
1456 3397 1561 3462 sacris
1585 3397 1649 3462 sibi
1672 3397 1811 3462 nianime
1836 3396 1969 3462 adsueti
1984 3417 2154 3462 memores.

440 3503 512 3568 sive
534 3501 642 3587 igitur
664 3503 785 3588 πρῆξιν
808 3501 931 3590 accipis
954 3503 1005 3568 ita
1037 3509 1076 3567 ut
1108 3501 1159 3566 illi
1191 3503 1369 3566 volucrunt
1401 3507 1435 3565 et
1466 3501 1611 3584 ἀνάγκης
1633 3502 1749 3584 πρῆξις
1772 3508 1825 3566 est
1846 3502 2008 3586 ἀναγκαία
2030 3502 2156 3588 πρῆξις,

439 3607 511 3674 sive
534 3606 761 3690 intellegenda
785 3605 982 3692 simpliciter
1006 3606 1149 3689 ἀνάγκης
1161 3607 1288 3688 ἄνυσις,
1310 3612 1411 3691 poeta
1423 3605 1542 3670 ludens
1555 3613 1675 3689 argute
1688 3605 1722 3669 in
1747 3605 1899 3692 opposito
1922 3605 1982 3670 illo
2006 3604 2158 3671 sollemni

436 3721 497 3777 τοῦ
531 3712 687 3796 πράττειν
719 3710 792 3775 sive
824 3712 909 3796 δρᾷν
945 3710 1016 3774 sive
1048 3711 1138 3794 ἔρξαι
1162 3715 1196 3773 et
1219 3721 1279 3775 τοῦ
1302 3711 1440 3794 πάσχειν
1464 3709 1547 3774 dicit
1569 3710 1713 3794 ἀνάγκης
1736 3713 1855 3795 πρῆξιν
1876 3709 1989 3797 puniri
2012 3713 2157 3797 (προστί-

438 3814 526 3900 μοις)
550 3815 714 3894 πάθεσιν,
746 3835 830 3900 quae
864 3837 936 3878 cum
959 3813 1019 3878 illa
1042 3813 1211 3897 conligata
1233 3813 1327 3880 illive
1350 3813 1514 3880 adstricta
1537 3813 1615 3878 sint.
1670 3815 1703 3878 in
1727 3814 1893 3880 ἐνδέδεται
1916 3814 1983 3880 iam
2004 3813 2157 3880 Piccolus

440 3917 576 3998 incidit,
611 3917 803 4005 ceteroquin
836 3939 1023 4005 proponens
1059 3918 1204 3983 absurda
1239 3925 1274 3982 et
1307 3941 1391 4005 quae
1415 3918 1644 3983 demonstrent
1666 3941 1739 3982 eum
1762 3925 1881 4004 poetae
1904 3924 2046 3984 mentem
2068 3917 2158 3985 haud

439 4021 633 4087 adsecutum
657 4043 748 4104 esse;
783 4022 825 4087 cf.
848 4021 891 4087 A.
915 4021 953 4088 P.
976 4021 1029 4086 IX
1050 4023 1102 4104 25,
1126 4023 1149 4086 4
1172 4029 1207 4088 et
1229 4022 1300 4087 XII
1322 4024 1374 4104 80,
1399 4023 1430 4088 2.
1475 4022 1585 4110 possis
1609 4020 1710 4086 ctiam
1733 4023 1944 4106 condiderat,
1978 4023 2037 4088 sed
2068 4023 2157 4089 ἐνδέ-

443 4127 544 4209 δεται,
567 4124 655 4213 quod
678 4148 699 4191 a
717 4125 847 4192 tradita
870 4125 1038 4212 scriptura
1059 4126 1197 4213 propius
1220 4127 1325 4207 abest,
1351 4133 1386 4192 et
1407 4126 1494 4191 idem
1516 4126 1609 4192 valet
1632 4129 1667 4191 et
1688 4132 1861 4212 poetarum
1885 4127 2029 4192 sermoni
2051 4125 2159 4212 magis

441 4229 608 4296 convenit.
655 4229 797 4319 denique
819 4236 1035 4318 προστίμοις,
1059 4231 1124 4296 etsi
1146 4231 1262 4318 utique
1286 4231 1534 4296 substantivum
1560 4235 1613 4295 est
1635 4233 1836 4314 πρόστιμον,
1870 4254 1941 4296 cum
1972 4231 2158 4318 praedicati

438 4332 535 4399 modo
558 4333 603 4399 sd
625 4335 772 4401 πάθεσιν
794 4335 947 4421 graviter
969 4335 1122 4414 socedat,
1157 4335 1373 4401 offensionem
1395 4335 1518 4402 habere
1541 4357 1605 4400 non
1629 4334 1774 4400 videtur.

549 4515 576 4586 l)
594 4515 749 4585 Xenophon
767 4517 842 4571 Hier.
862 4534 884 4572 o.
905 4521 929 4585 3,
949 4521 983 4572 34
1011 4517 1084 4585 nupti
1103 4517 1132 4570 di
1160 4517 1292 4571 παιδικῶν
1309 4517 1482 4586 βουλομένων
1507 4513 1607 4580 ἥδισται
1627 4519 1704 4584 οἶμαι
1732 4518 1762 4569 αἱ
1786 4517 1893 4586 χάριτές
1911 4519 1983 4570 εἰσιν.
2022 4518 2056 4571 ei.
2076 4518 2158 4574 Dion.

442 4602 538 4674 Chrys.
558 4621 599 4659 or.
618 4604 659 4658 111
678 4621 704 4672 p.
725 4609 775 4658 132
795 4605 827 4659 R.
850 4606 924 4660 verbi
948 4609 1107 4677 χαρίζεσθαι
1135 4623 1212 4660 usum
1241 4607 1317 4660 illum
1345 4605 1452 4659 abunde
1480 4606 1612 4673 exemplis
1639 4605 1769 4660 inlustrat
1795 4606 1973 4661 Ruhnkcnius
2000 4607 2036 4661 ad
2055 4607 2159 4661 Timaei

441 4691 495 4747 lex.
514 4709 535 4748 a.
556 4710 580 4746 v.
596 4695 758 4766 χαρίζεσθαι
778 4735 784 4748 .
804 4733 811 4748 .
833 4696 907 4756 ἰδίως
925 4695 954 4749 δι’
971 4697 1014 4748 lui
1034 4695 1213 4764 ἀφροδισίων.
1254 4695 1286 4748 ef.
1306 4697 1389 4749 etiam
1407 4694 1569 4750 Boissonad.
1586 4695 1621 4748 ad
1641 4695 1773 4749 Philostr.
1792 4698 1871 4764 epist.
1890 4699 1906 4749 6
1925 4713 1951 4764 p.
1971 4700 2014 4752 61.

549 4783 579 4854 0)
597 4783 800 4853 Megarensium
816 4784 954 4854 Ἀφροδίτη
975 4787 1078 4852 Πρᾶξις
1095 4801 1164 4854 quae
1183 4785 1218 4839 sit
1237 4783 1282 4851 (cf.
1301 4783 1475 4838 Welckerum
1497 4785 1610 4837 Gotterl.
1629 4783 1656 4836 11
1675 4786 1727 4836 710
1752 4792 1781 4837 et
1799 4783 1839 4837 111
1857 4789 1934 4856 203),
1965 4788 2029 4840 item
2050 4787 2160 4841 Aeschi-

441 4885 522 4924 neum
538 4870 639 4940 πρᾶξιν
656 4874 780 4940 πράττειν
798 4874 862 4942 quid
881 4871 1023 4942 significet,
1045 4875 1113 4928 satis
1132 4881 1257 4941 constat3
1283 4881 1428 4941 praetcrea
1447 4873 1481 4926 cl.
1500 4872 1613 4926 Pindari
1633 4871 1684 4940 lrg.
1707 4876 1756 4926 104
1777 4873 1854 4942 [236]
1879 4875 1906 4928 in
1926 4875 2039 4943 Bergkii
2057 4875 2160 4944 lyricis,

441 4974 502 5014 cum
520 4959 632 5016 Disseni
650 4964 846 5018 commentario
863 4979 889 5031 p.
909 4965 970 5030 070,
989 4969 1016 5016 et
1035 4962 1111 5018 locos
1130 4963 1259 5018 finitimos
1277 4961 1449 5018 Dioscuridis
1467 4964 1501 5015 A.
1520 4961 1550 5014 Ρ.
1570 4960 1622 5014 XII
1640 4965 1683 5028 42,
1704 4962 1842 5017 Stratonis
1861 4963 1961 5018 ibidem
1980 4967 2041 5031 240,
2060 4967 2091 5031 3,
2111 4963 2159 5018 lsi·

444 5046 505 5102 dori
524 5048 562 5102 Vl
580 5051 624 5118 08,
645 5054 675 5117 l,
695 5052 903 5107 Automedontis
922 5053 962 5106 XI
980 5054 1022 5119 29,
1042 5054 1076 5120 23
1095 5053 1177 5106 etiarn
1197 5053 1325 5122 σπριμιτιι
1343 5052 1446 5112 liuida
1462 5051 1516 5104 llll
1537 5052 1594 5116 140,
1617 5052 1633 5104 2
1652 5059 1679 5104 et
1698 5050 1768 5104 alias
1787 5051 1814 5104 in
1833 5052 2002 5120 anthologia,
2031 5053 2161 5120 ἄπρηκτος

439 5136 551 5206 parom}
569 5137 598 5192 in
616 5137 709 5194 Nonni
728 5139 809 5195 Dion.
829 5141 853 5196 V
872 5143 933 5209 408,
953 5141 1054 5196 similia
1071 5139 1117 5210 (cf.
1137 5141 1215 5211 Diog.
1235 5141 1326 5197 Lucri.
1347 5140 1385 5195 lV
1404 5144 1420 5195 7
1439 5141 1573 5209 ἄπρακτος
1591 5137 1763 5209 διαστῆναι),
1789 5139 1901 5195 eandem
1927 5149 2001 5195 certe
2020 5141 2159 5208 attingunt

440 5225 518 5281 verbi
535 5235 710 5296 potestatem.
