4920 6264
964 589 1221 660 ..17-

276 781 388 849 tulum
419 805 440 849 a
471 783 582 870 prima
618 805 718 851 mann
732 782 920 871 profectum
941 785 1111 852 recentior
1132 785 1313 853 renovavit
1320 810 1328 872 ;
1368 791 1403 854 et
1424 786 1486 854 hoc
1502 785 1634 876 quidem
1657 811 1790 856 carmen
1813 790 2009 878 elegiacum,

276 887 368 976 quod
388 886 509 976 incipit
540 889 646 974 ξεῖνε,
675 893 712 957 τί
738 899 804 956 νῦν
833 913 875 976 με
906 889 1086 976 δέδορκας,
1118 913 1159 958 ex
1191 891 1301 958 codice
1325 889 1493 958 Vaticano
1523 915 1555 959 n.
1579 893 1644 960 305
1666 917 1698 982 p.
1724 895 1801 962 103*
1826 919 1899 964 cnm
1930 895 2008 966 aliis

276 991 393 1060 multis
416 992 565 1060 eiusdem
587 992 757 1060 'l'heodori
778 993 955 1060 Prodromi
976 994 1107 1082 pridem
1129 993 1322 1081 evolgatum
1354 1001 1408 1061 est
1438 995 1475 1062 in
1496 997 1624 1064 Noticee
1656 1005 1686 1064 et
1708 1001 1841 1066 extruite
1863 1000 1955 1068 VHI
1975 1001 2008 1083 2,

277 1097 342 1162 184
368 1095 604 1182 aDutheilio;
637 1097 792 1186 sequitur
822 1098 977 1185 aenigma
1009 1102 1058 1177 εἰς
1088 1101 1149 1183 τὴν
1181 1098 1220 1165 ἐν
1249 1109 1295 1189 τῷ
1317 1101 1451 1190 οὐρανῷ
1474 1096 1560 1188 ἶριν,
1591 1101 1753 1190 incipiens
1786 1107 1866 1173 στοὰ
1899 1105 2010 1186 ξύλων

276 1202 435 1286 ἄμοιρος,
466 1199 557 1289 quod
591 1201 699 1268 edidit
721 1201 814 1269 exB
847 1207 882 1270 et
913 1203 983 1270 cod.
1007 1201 1162 1270 Parisino
1184 1226 1217 1268 n.
1241 1203 1306 1270 968
1328 1204 1570 1272 Boissonadius
1599 1205 1636 1272 in
1658 1207 1842 1276 Aneedotis
1864 1208 1921 1274 HI
1942 1211 2006 1276 451

275 1303 368 1370 inter
399 1305 591 1391 aenigmata
623 1329 645 1373 a
674 1305 804 1373 Basilio
835 1305 1054 1392 Megalomita
1067 1307 1090 1393 ¹)
1123 1307 1290 1390 conlecta,
1332 1330 1398 1374 non
1429 1307 1511 1375 item
1550 1309 1686 1377 condita
1698 1312 1721 1397 ²)
1733 1335 1740 1396 ;
1785 1312 1891 1380 eidem
1925 1313 2006 1380 Pro.

278 1407 392 1474 dromo
415 1409 528 1498 potius
553 1432 627 1477 asse
649 1409 865 1476 tribuendum
887 1409 1033 1492 videtur,
1057 1432 1131 1476 cum
1150 1410 1268 1477 statim
1283 1409 1451 1478 adiciatur
1472 1411 1588 1499 ἕτερον
1611 1416 1660 1492 εἰς
1680 1417 1718 1480 τὸ
1740 1416 1822 1482 αὐτὸ
1843 1426 1904 1482 τοῦ
1927 1439 2007 1503 προ

278 1515 427 1599 δρόμου,
451 1513 607 1582 distichis
631 1515 812 1603 scriptum,
837 1515 925 1604 quod
946 1515 1067 1602 incipit
1087 1515 1179 1593 ὑιέος
1201 1515 1363 1602 ἡμετέρου
1383 1539 1424 1599 με
1446 1518 1631 1603 pisciscano
1654 1519 1709 1584 dtu
1730 1521 1903 1608 θυγάτηρ,
1925 1520 2007 1589 item

277 1617 407 1685 editum
429 1642 451 1686 a
472 1618 649 1686 Dutheilio
671 1620 695 1686 l.
719 1642 747 1686 c.
769 1643 802 1708 p.
828 1620 891 1686 les
913 1643 955 1686 ex
977 1619 1091 1686 eodem
1115 1619 1225 1686 codice
1248 1619 1416 1687 Vaticano
1428 1619 1464 1706 ⁸).

404 1723 499 1791 Haec
529 1724 600 1791 tria
622 1723 791 1791 Theodori
813 1723 987 1792 Prodromi
1018 1723 1167 1791 carmine
1200 1724 1243 1790 ab
1275 1746 1390 1790 earum
1412 1723 1602 1810 eclogarum
1625 1725 1846 1813 compositore
1869 1727 2003 1798 aliunde

274 1827 385 1916 petita
407 1851 481 1897 esse
505 1851 543 1895 eo
565 1829 674 1916 magis
705 1829 831 1918 liquet,
867 1829 1021 1918 quoniam
1044 1853 1077 1917 p.
1094 1829 1158 1896 38'
1180 1827 1242 1895 ills
1263 1851 1382 1895 rursus
1406 1827 1576 1916 excipiunt
1598 1829 1841 1917 epigrammata
1864 1855 1923 1898 sex
1945 1857 2003 1900 nn·

274 1956 383 2018 mero,
408 1957 494 2023 qnae
518 1934 653 2020 singula
669 1935 830 2020 leguntur
853 1935 955 2001 etiam
973 1933 1009 2000 in
1024 1933 1083 2001 Sa
1107 1934 1268 2000 communi
1291 1933 1385 2000 fonte
1408 1934 1623 2021 deprompta:
1647 1931 1734 2012 εἶδες
1755 1936 1856 2022 γέρον
1878 1937 2005 2026 βρέφος

274 2049 357 2124 etc,
390 2040 481 2128 apud
512 2037 706 2106 Cremeram
734 2062 766 2127 p.
790 2037 865 2121 309,
889 2039 948 2123 15,
983 2041 1029 2125 μὴ
1051 2050 1118 2125 πῦρ
1149 2038 1297 2126 ἀνάγῃς,
1334 2060 1366 2124 p.
1390 2038 1464 2120 310,
1488 2039 1527 2121 83
1560 2038 1593 2118 ἐξ
1614 2039 1723 2104 ὑελῶν
1754 2037 1817 2125 μὲν
1846 2053 1936 2129 φῶς,
1969 2066 2001 2131 p.

275 2145 348 2227 301,
372 2144 412 2229 23
445 2147 590 2229 ἔσοπτρα
612 2146 733 2230 φωτός,
754 2167 787 2230 p.
811 2143 885 2225 301,
909 2145 949 2228 5,
981 2142 1018 2209 ἐκ
1040 2151 1196 2231 φοινικῆς
1217 2149 1427 2228 μορφοῦσθε,
1448 2164 1480 2229 p.
1505 2141 1579 2224 301,
1602 2143 1623 2206 7
1634 2165 1642 2226 3
1666 2142 1852 2229 ἐδάκρυσας
1873 2149 2003 2232 βροτός,

273 2271 305 2337 p.
330 2249 403 2332 ³18,
429 2249 480 2331 17,
505 2246 615 2314 omnia
636 2246 726 2313 binis
749 2247 893 2314 senariis
905 2248 1066 2340 ⁴iambicis
1088 2249 1279 2338 perscripta
1300 2254 1437 2337 praeter
1458 2271 1569 2331 unum,
1593 2248 1682 2338 qnod
1703 2249 1806 2316 trium
1829 2258 1892 2320 est.

404 2351 595 2421 Succedunt
616 2350 670 2418 his
693 2355 870 2436 αἰνίγματα
893 2351 1098 2420 συντεθέντα
1121 2355 1210 2440 παρὰ
1230 2353 1394 2439 βασιλέως
1415 2363 1476 2421 τοῦ
1497 2378 1660 2438 μαγομιτ,
1692 2354 1724 2420 h.
1749 2361 1803 2422 est
1825 2359 1914 2445 παρὰ
1936 2363 2000 2425 Βα-

272 2461 401 2527 ertator
421 2467 483 2526 τοῦ
505 2461 745 2543 Μεγαλομίτου
777 2457 832 2542 (el.
856 2456 1113 2524 Boissonadium
1135 2455 1262 2524 Anecd.
1286 2457 1343 2523 ΠΙ
1364 2457 1479 2546 437*),
1512 2479 1597 2545 qnae
1629 2457 1788 2526 desinunt
1819 2483 1852 2548 p.
1877 2462 1942 2528 140
1964 2463 1999 2529 in

272 2587 374 2632 versu
396 2565 489 2646 σώζω
511 2563 549 2629 τδ
570 2562 706 2647 σύμπαν
727 2559 871 2646 ἀβλαβὲς
892 2571 949 2646 τῆς
972 2562 1089 2639 οὐσίας
1106 2561 1160 2647 (of.
1173 2561 1390 2628 Boissonadii
1401 2561 1596 2628 AnechH
1613 2562 1703 2648 450),
1728 2569 1764 2630 et
1786 2565 1998 2653 excipiuntur

273 2667 412 2737 Catonis
435 2668 567 2756 gnomis
590 2665 744 2734 distichis
776 2665 920 2733 heroicis
952 2689 974 2734 a
995 2663 1140 2733 Maximo
1162 2665 1314 2733 Planude
1346 2665 1382 2731 in
1414 2688 1570 2752 graecum
1601 2688 1786 2734 sermonem
1817 2671 1997 2738 conversis.

152 2831 158 2840 .
272 2775 334 2841 hac
356 2774 583 2862 aenigmatum
606 2771 811 2854 collectione,
836 2794 878 2839 ex
899 2795 966 2860 que
986 2776 1221 2860 praecerptum
1242 2794 1345 2838 unum
1367 2777 1446 2838 ante
1468 2770 1668 2854 notavimus,
1693 2772 1823 2840 omnino
1847 2783 1940 2842 caret
1962 2773 1996 2844 S.

403 2879 558 2947 Vlterins
589 2879 671 2946 haec
701 2876 859 2966 persequi
889 2899 911 2944 a
938 2874 1111 2964 proposito
1133 2879 1249 2943 nostro
1271 2875 1418 2943 alienum
1448 2881 1511 2943 est.
1563 2898 1640 2943 nam
1671 2876 1727 2944 vel
1759 2899 1800 2946 ex
1831 2879 1880 2947 eis
1912 2902 1998 2969 quae

271 3097 306 3158 ct
327 3089 531 3180 permisceri,
556 3095 591 3156 et
612 3094 705 3156 recte
726 3110 788 3155 nos
810 3109 944 3175 ponere,
967 3109 1053 3176 qnae
1074 3087 1110 3154 in
1128 3086 1158 3152 B
1181 3092 1317 3174 recepta
1339 3085 1422 3153 abS
1445 3086 1577 3170 absunt,
1602 3109 1642 3154 ex
1656 3087 1722 3154 alio
1738 3093 1876 3175 praeter
1898 3090 1992 3175 illud,

271 3219 292 3262 a
315 3217 379 3284 quo
402 3194 426 3263 S
449 3217 515 3262 uno
537 3193 679 3283 pendet,
712 3191 862 3279 exemplo
887 3190 1083 3280 deprompta
1105 3213 1189 3260 esse.

398 3299 472 3367 lam
494 3299 773 3387 epigrammatum
795 3295 1039 3385 antiquiorum,
1072 3319 1158 3386 quse
1189 3317 1291 3384 supra
1321 3295 1470 3363 indicata
1498 3301 1595 3377 sunt,
1629 3296 1777 3366 ordinem
1806 3299 1993 3390 paullisper

269 3403 467 3472 intueamur.

397 3509 439 3576 In
460 3509 574 3598 priore
597 3508 685 3575 serie
708 3507 738 3572 B
756 3506 853 3596 quasi
875 3511 1127 3595 praetemptans
1150 3503 1217 3572 iter
1249 3504 1396 3572 carmina
1417 3503 1685 3574 demonstrativa
1707 3529 1765 3574 sex
1787 3509 1844 3576 vel
1865 3511 1993 3579 rectius

268 3617 413 3706 quinque
434 3616 486 3682 ita
509 3613 676 3702 disponit,
699 3617 739 3679 ut
760 3609 899 3678 titulum
921 3609 1007 3678 artis
1028 3610 1066 3676 in
1089 3609 1172 3677 duas
1195 3609 1381 3698 particulas
1403 3608 1602 3698 discriptum
1625 3619 1809 3701 sequantur
1830 3621 1993 3703 quattuor

267 3720 510 3809 epigrammata
533 3717 752 3786 sententiosa.

396 3825 544 3912 Eclogae
568 3823 710 3892 alterius
732 3822 833 3910 longe
856 3820 1050 3910 copiosioris
1072 3819 1215 3908 partitio
1239 3840 1304 3907 qno
1326 3816 1460 3886 facilius
1480 3819 1697 3906 percipiatur,
1721 3820 1856 3906 singola
1879 3824 1992 3912 capita

270 3933 378 4020 spatio
400 3931 526 3999 maiore
549 3928 743 3996 intermisso
766 3927 995 3994 discrevimus.

394 4035 453 4102 Ad
473 4036 617 4124 primum
639 4040 741 4122 capnt
764 4033 879 4115 solum,
904 4054 969 4121 quo
992 4029 1205 4098 continentur
1226 4029 1469 4116 epigrammata
1490 4050 1628 4110 novem,
1661 4036 1792 4117 spectat
1814 4031 1989 4121 inscriptio

267 4144 477 4226 γυαμολογία
498 4141 540 4206 δι’
566 4138 656 4206 ἐπῶν
663 4139 701 4225 ⁴),
725 4159 810 4226 quae
833 4159 906 4204 cnm
927 4157 989 4224 pro
1011 4133 1074 4201 hae
1095 4134 1268 4222 paucitate
1289 4133 1388 4200 nimis
1410 4131 1586 4218 magnifice
1609 4133 1664 4215 sit,
1687 4133 1806 4202 maiori
1828 4136 1908 4203 olim
1930 4162 1989 4206 nu·

267 4269 356 4313 mero
379 4245 550 4312 destinata
571 4243 678 4310 fnisse
700 4243 846 4310 videtur.
899 4240 965 4308 iam
987 4261 1069 4308 vero
1090 4239 1183 4306 intre
1205 4237 1326 4305 seriem
1346 4237 1432 4304 hanc
1452 4236 1589 4304 brevem
1609 4259 1728 4304 rursus
1751 4245 1863 4308 certae
1879 4241 1989 4331 dispo·

268 4348 398 4416 sitionis
407 4348 497 4417 ratio
507 4347 721 4436 conspicitur.
754 4346 859 4413 habes
868 4345 1010 4433 primum
1021 4344 1263 4433 epigrammata
1275 4341 1430 4429 deinceps
1441 4347 1569 4428 septem
1578 4341 1732 4424 disticha,
1757 4366 1843 4433 quae
1855 4347 1989 4435 singula

267 4453 440 4522 humanam
460 4454 566 4522 vitam
582 4457 756 4541 spectant,
778 4451 832 4517 his
855 4449 1080 4517 adnectuntur
1102 4447 1167 4515 dno
1184 4469 1343 4516 versuum
1362 4444 1587 4534 complurium,
1611 4450 1802 4532 argumenti
1820 4451 1988 4538 eiusdem

382 4693 409 4761 1)
428 4691 468 4748 Oi.
487 4693 645 4748 Fabricium
663 4693 734 4747 Bibl.
754 4709 794 4762 gr.
813 4691 854 4746 1x
874 4695 908 4747 10
925 4692 1055 4748 editionis
1073 4692 1270 4761 Harleaianac,
1295 4701 1322 4750 et
1340 4695 1455 4751 maxime
1473 4693 1499 4750 X
1517 4696 1571 4750 538
1589 4709 1647 4762 sqq.
1667 4695 1860 4762 parentinae.

378 4781 407 4850 2)
426 4780 466 4836 cf.
485 4781 666 4837 Wolterrium
685 4783 785 4838 Rhoda.
803 4783 879 4837 Moe.
898 4781 1050 4850 XXXVIII,
1071 4783 1149 4837 leae.
1168 4799 1196 4852 p.
1217 4786 1277 4840 114.

374 4869 403 4940 δ)
422 4869 482 4925 Hoc
500 4869 534 4925 de
553 4871 625 4925 nube
644 4871 769 4940 aenigma
788 4870 843 4940 legi
861 4871 944 4925 etiam
962 4869 991 4924 in
1009 4869 1103 4926 codice
1120 4870 1258 4928 Vaticano
1276 4871 1403 4928 Palatino
1421 4888 1447 4926 n.
1467 4874 1501 4927 13
1521 4887 1547 4940 p.
1567 4873 1617 4926 90⁷
1636 4869 1751 4927 siccut
1769 4871 1935 4930 Dntheilius.

374 4958 404 5028 4)
422 4957 488 5013 Cum
517 4959 660 5014 extiterint
690 4966 717 5014 et
743 4961 771 5013 in
789 4959 842 5014 hoc
860 4958 954 5014 codice
973 4959 1034 5027 ipso
1051 4961 1138 5015 insint
1156 4961 1241 5015 etism
1258 4975 1417 5030 nonarum
1435 4975 1560 5016 acrnoue
1579 4962 1669 5018 soluto
1688 4959 1855 5029 scriptarum
1874 4964 1986 5034 eclogae

261 5039 430 5114 Byzantinus
446 5046 492 5118 (cf.
508 5047 685 5103 Boiaaonadil
704 5048 831 5104 Anecdl
850 5053 900 5105 113
918 5050 1028 5122 resipui
1044 5053 1185 5121 διάφοροι,
1204 5053 1257 5107 126
1274 5051 1384 5124 γνιῦματ
1401 5051 1504 5122 σοφοῖν,
1524 5055 1575 5107 185
1594 5053 1704 5126 ysaiam
1720 5053 1772 5108 uvir
1789 5051 1853 5109 tert
1870 5055 1986 5126 σοφῦν),

260 5139 326 5201 apta
352 5136 541 5206 gnomologiae
565 5137 648 5194 tituto
667 5137 788 5194 adicitur
805 5139 841 5193 δι’
859 5140 938 5195 σιῶν.
975 5139 1074 5196 Suidaa
1092 5140 1271 5210 Theognidea
1289 5139 1412 5195 caruitne
1430 5139 1498 5194 dicit
1520 5143 1714 5212 γνωμολογίαν
1731 5143 1768 5196 u·
1785 5144 1917 5214 iterator.
1954 5151 1985 5198 at

260 5228 354 5278 unsri
370 5221 475 5294 dubito,
504 5242 567 5281 nnn
586 5227 610 5283 is
630 5227 737 5283 demum
756 5229 803 5298 qui
821 5227 889 5284 haec
908 5230 1086 5286 coniectante
1104 5231 1276 5300 comparavit
1293 5227 1500 5298 insedptiousn
1517 5229 1594 5284 illam
1612 5228 1780 5300 praefixerit.

1674 5327 1694 5395 3
