4920 6264
1235 663 1487 734 ..18-

472 862 617 930 alterum
639 863 682 930 od
702 864 741 929 τὸ
764 867 822 948 ζῆν
843 867 1024 950 χαρίεσσαν
1046 869 1108 931 etc.
1133 886 1213 932 eane
1236 863 1427 932 absolvitur
1448 864 1484 932 in
1506 863 1562 933 SB
1585 863 1729 932 disticho
1751 887 1836 946 unc,
1867 863 1927 932 sed
1948 865 2102 932 mutilum
2123 889 2198 934 cum

473 967 521 1035 sit
542 967 635 1034 etin
656 966 851 1054 anthologia
872 967 1031 1036 Palatina
1054 974 1090 1036 et
1111 967 1285 1036 Planudea
1308 975 1382 1036 cctc
1400 991 1520 1036 versus
1543 969 1801 1058 complectatur,
1837 968 1935 1037 aedes
1956 970 2033 1057 ipsa
2055 992 2153 1060 quam
2175 995 2199 1040 a

472 1071 626 1140 distichis
649 1073 851 1142 carminibus
873 1079 1065 1161 separatam
1086 1073 1149 1141 hcc
1170 1074 1207 1141 in
1228 1073 1338 1162 capite
1361 1079 1501 1162 occupat
1523 1075 1648 1160 arguit,
1671 1072 1758 1141 illud
1780 1073 1815 1140 in
1837 1073 1972 1162 sylloge
1994 1072 2195 1164 antiquiore,

471 1200 581 1267 aqua
602 1177 658 1246 SB
691 1177 846 1246 derivata
877 1184 974 1262 sunt,
1007 1177 1172 1267 quondam
1202 1178 1337 1266 plenum
1367 1179 1592 1268 perscriptum
1622 1178 1747 1264 ficisse;
1780 1178 1880 1247 simul
1902 1179 1979 1246 binc
2001 1180 2194 1267 conligitur,

470 1281 619 1350 ordinem
642 1283 699 1372 qui
721 1283 757 1350 in
778 1283 809 1349 B
832 1283 982 1350 cernitur
1011 1305 1078 1349 non
1109 1283 1151 1349 ab
1185 1282 1257 1349 eius
1279 1282 1360 1350 libri
1391 1283 1503 1353 scriba
1536 1283 1608 1353 sive
1640 1283 1861 1374 compositore
1890 1283 2079 1372 profectum
2109 1307 2194 1354 esse.

470 1385 572 1455 etiam
595 1387 915 1476 antepaenultimum
938 1387 1143 1476 epigramma
1164 1387 1220 1455 vel
1243 1388 1286 1455 10
1307 1387 1406 1456 huius
1429 1388 1654 1471 analecticam,
1678 1389 1767 1477 quod
1788 1389 1992 1458 inPalatino
2015 1395 2051 1458 et
2072 1390 2195 1458 Planu-

469 1490 532 1559 dec
554 1491 665 1560 codice
688 1497 849 1581 quattuor
871 1515 1030 1560 versuum
1052 1497 1122 1573 est,
1155 1491 1254 1560 facile
1277 1513 1350 1558 eum
1371 1493 1408 1560 in
1428 1493 1516 1560 hunc
1538 1492 1692 1582 syllegae
1714 1491 1880 1581 pristinae
1900 1493 2009 1562 locum
2030 1493 2194 1582 recipere-

468 1601 527 1663 tur
557 1597 693 1685 plenum
713 1597 789 1664 fuit.
846 1597 989 1685 primum
1011 1596 1058 1683 (6)
1081 1597 1285 1686 tertiumque
1308 1595 1356 1684 (8)
1379 1596 1584 1685 epigramma
1606 1619 1680 1664 cum
1701 1596 1738 1664 in
1759 1597 1857 1664 libris
1879 1597 2037 1666 Palatino
2060 1605 2096 1667 et
2116 1599 2194 1668 Pla-

468 1701 578 1769 nudec
600 1701 748 1770 Lucianc
772 1702 912 1784 dentur,
945 1701 999 1768 cui
1020 1701 1093 1784 hic,
1124 1707 1165 1768 ut
1186 1701 1269 1768 alibi
1282 1702 1324 1788 ¹),
1356 1700 1521 1768 Lucillius
1544 1702 1801 1770 substituendus
1824 1725 1899 1770 esee
1921 1703 2076 1788 videtur,
2107 1704 2194 1773 illud

469 1805 558 1894 quod
588 1805 642 1873 his
672 1807 816 1874 medium
846 1806 1083 1894 interpositum
1113 1805 1148 1872 in
1179 1811 1323 1894 utraque
1355 1805 1552 1893 anthologia
1581 1807 1709 1892 ἄδηλον
1740 1811 1794 1874 est
1815 1812 1853 1874 et
1874 1830 1941 1875 non
1962 1808 2071 1875 minus
2094 1831 2194 1898 quam

469 1911 491 1977 6
513 1916 549 1979 at
570 1913 591 1977 8
614 1910 865 1998 Theognideum
888 1911 1031 1979 colorem
1053 1933 1135 1998 prae
1159 1933 1196 1978 se
1217 1912 1296 1994 fert,
1321 1911 1428 1978 eidem
1449 1916 1569 2000 poetae
1592 1912 1838 1998 adsignandum
1854 1935 1928 1981 esse
1942 1919 2049 2002 patet.
2093 1917 2194 1983 unius

467 2037 586 2083 rursus
609 2017 775 2100 auctoris,
799 2015 979 2100 Palladae,
1004 2021 1165 2105 quattuor
1188 2016 1431 2104 epigrammata
1453 2015 1599 2083 disticha
1621 2021 1718 2098 sunt,
1751 2039 1837 2106 quae
1860 2023 2037 2102 secuntur,
2061 2021 2113 2103 8a,
2136 2021 2191 2104 8b,

467 2121 575 2203 9,10.
620 2120 762 2212 denique
783 2145 850 2189 ncn
879 2122 961 2188 mihi
990 2126 1141 2209 tempero
1172 2143 1237 2210 quo
1267 2120 1376 2186 minus
1408 2143 1481 2187 eam
1512 2119 1756 2207 gnomologiam
1778 2121 1955 2190 admodum
1977 2129 2192 2193 extenuatam

468 2225 567 2294 simul
590 2249 663 2293 cum
684 2225 823 2314 titulc¹)
847 2249 888 2294 ex
909 2225 1009 2312 longe
1025 2225 1180 2293 uberiore
1194 2225 1332 2292 fluxisse
1355 2225 1515 2313 suspicer,
1539 2225 1633 2292 citius
1656 2225 1844 2314 particulae
1866 2249 2024 2315 compage
2045 2229 2193 2316 pristina

469 2330 590 2414 soluta,
614 2353 681 2398 ncn
702 2334 815 2398 tamen
839 2330 969 2397 omnino
993 2328 1136 2396 discissa
1158 2335 1194 2396 et
1208 2329 1322 2396 deleta
1342 2330 1379 2395 in
1394 2327 1622 2416 anthologiam
1637 2328 1805 2417 cephalae
1827 2331 1933 2398 multo
1955 2332 2070 2420 plures
2093 2357 2192 2423 quam

467 2435 544 2502 inB
562 2434 781 2518 transierint;
805 2457 882 2502 nam
903 2433 1109 2501 inPalatina
1131 2455 1260 2522 quoque
1283 2432 1479 2520 anthologia
1500 2455 1561 2500 nec
1582 2434 1692 2500 minus
1714 2434 1751 2501 in
1772 2433 1945 2504 Planudea
1968 2438 2116 2506 carmina
2138 2461 2192 2508 ea·

468 2541 543 2608 dem
564 2540 688 2629 partim
711 2538 790 2607 aede
813 2539 878 2607 sibi
901 2545 981 2606 sunt
1002 2537 1154 2626 proxima
1174 2538 1299 2626 partim
1320 2537 1411 2606 haud
1432 2538 1533 2625 longe
1556 2537 1725 2605 disiuncta
1734 2537 1771 2626 ⁸).
1815 2538 1978 2608 Pallados
1996 2547 2031 2609 et
2047 2539 2189 2611 Luciani

468 2646 540 2713 sive
562 2644 699 2714 Lucillii
722 2651 802 2713 sunt
824 2651 953 2732 septem
975 2643 1055 2710 inB
1079 2642 1228 2710 carmina
1250 2641 1405 2724 disticha,
1429 2643 1472 2710 ab
1495 2644 1516 2710 6
1538 2664 1645 2731 usque
1667 2642 1790 2727 ad10;
1814 2643 1994 2713 eorundem
2014 2651 2188 2736 poetarum

464 2752 565 2838 longe
586 2752 694 2839 plura,
718 2772 804 2840 quae
827 2750 954 2817 ambitu
977 2754 1174 2835 argumento
1198 2749 1308 2816 colore
1331 2754 1366 2816 et
1387 2747 1457 2814 illis
1481 2753 1517 2814 et
1537 2748 1628 2814 inter
1651 2747 1807 2834 separis
1829 2755 1918 2830 sunt,
1942 2771 2004 2837 per
2025 2750 2130 2820 hbros
2154 2752 2189 2819 X

467 2855 682 2940 anthologiae
703 2853 881 2921 Palatinae
904 2858 939 2920 et
961 2853 979 2918 Ι
1002 2852 1195 2919 Planudeae
1218 2851 1390 2938 disperse,
1422 2853 1522 2919 immo
1552 2873 1660 2939 paene
1683 2852 1841 2920 continua
1862 2854 2023 2942 legtmtur
2034 2857 2074 2944 ⁴).
2122 2857 2189 2926 iam

466 2960 547 3027 mihi
578 2959 752 3026 considera
780 2959 843 3024 hoc
875 2957 1023 3024 scholion
1045 2955 1169 3023 codicis
1191 2954 1342 3022 Palatini
1364 2954 1408 3023 ad
1430 2956 1502 3022 VII
1524 2956 1588 3022 339
1611 2955 1834 3045 adscriptum:
1868 2961 2014 3046 ἄδηλον,
2045 2959 2099 3028 ἐπὶ
2121 2967 2187 3030 τίνι

466 3076 565 3134 τοῦτο
587 3065 788 3150 γέγραπται,
821 3065 910 3148 πλὴν
932 3061 982 3128 ὅτι
1006 3060 1043 3127 ἐν
1064 3072 1135 3139 τοῖς
1154 3069 1216 3127 τοῦ
1238 3061 1399 3128 Παλλαδᾶ
1422 3059 1668 3146 ἐπιγράμμασιν
1691 3059 1816 3148 εὑρέθη
1835 3067 2005 3149 κείμενον·
2039 3069 2085 3152 μή
2107 3089 2187 3136 ποτε

466 3169 504 3238 dl
526 3175 719 3238 Λουκιανοῦ
732 3168 768 3255 ⁶).
813 3190 853 3234 ea
876 3167 1020 3234 sirecte
1041 3159 1212 3250 intellego,
1237 3164 1468 3232 demonstrant
1489 3163 1651 3232 Palladae
1674 3164 1829 3233 extitisse
1852 3168 2098 3252 conlectionem,
2122 3194 2189 3260 qna

467 3285 502 3346 et
523 3275 631 3364 ipsius
661 3280 697 3342 et
728 3273 857 3355 aliena,
890 3272 926 3339 in
955 3270 1009 3337 his
1038 3269 1239 3360 praesertim
1260 3269 1401 3338 Luciani
1423 3270 1495 3338 aive
1517 3269 1654 3337 Lucillii
1675 3271 1824 3338 carmina
1846 3272 2114 3358 continerentur,
2148 3282 2189 3342 ut

465 3383 542 3449 hinc
564 3382 656 3449 ultro
680 3403 715 3446 se
739 3381 879 3448 offerret
901 3376 1053 3465 suspitio,
1077 3397 1196 3445 versus
1215 3375 1292 3443 illos
1312 3376 1389 3443 huic
1412 3375 1542 3443 auctori
1563 3373 1761 3442 tribuendos
1785 3397 1869 3458 esse,
1893 3399 1967 3442 cum
1989 3377 2055 3465 ipsi
2078 3377 2187 3446 colore

467 3509 527 3553 suc
550 3508 623 3553 eam
646 3483 868 3551 coniecturam
892 3504 990 3571 quam
1012 3479 1153 3547 maxime
1176 3479 1372 3547 dissuadere
1392 3479 1590 3546 viderentur
1621 3478 1670 3560 ci,
1703 3479 1762 3568 qui
1791 3485 1905 3546 notam
1936 3480 2031 3547 illam
2052 3483 2185 3550 adiecit.

465 3590 614 3678 pertinet
635 3587 708 3654 VH
730 3587 812 3669 339,
836 3587 968 3653 minime
992 3585 1177 3673 sepulcrale
1200 3607 1350 3667 carmen,
1374 3585 1418 3652 ad
1431 3584 1518 3651 illud
1535 3584 1645 3673 ipsum
1663 3605 1769 3670 genus
1787 3585 1974 3671 gnomicum
1992 3594 2094 3677 atque
2112 3595 2188 3656 erat

465 3693 501 3760 in
531 3693 555 3760 l.
577 3692 613 3758 X
634 3691 860 3780 recipiendum
870 3689 905 3778 ⁶).
967 3712 1046 3757 sane
1080 3688 1213 3777 quidem
1235 3711 1301 3755 ncn
1325 3688 1465 3754 ducrum
1496 3689 1556 3756 sed
1587 3709 1646 3755 sex
1667 3710 1825 3756 versuum
1847 3695 1918 3774 est,
1957 3698 1998 3759 ut
2028 3692 2187 3762 Palladas

466 3797 534 3866 alia
557 3797 628 3864 eius
651 3795 740 3863 modi
762 3796 878 3876 multa,
901 3793 937 3859 in
959 3793 1012 3858 his
1035 3793 1123 3882 quod
1147 3815 1249 3880 supra
1270 3799 1425 3860 notatum
1448 3799 1502 3860 est
1524 3793 1585 3858 sub
1608 3817 1640 3859 n.
1661 3795 1712 3876 10,
1737 3816 1856 3861 versus
1878 3796 1993 3882 plures
2017 3799 2188 3886 complexa

464 3901 562 3968 nobis
584 3899 732 3988 reliquit,
756 3921 841 3988 quae
863 3898 900 3964 in
922 3897 1161 3965 conlectionem
1182 3897 1276 3962 illem
1298 3902 1435 3984 recepta
1456 3897 1562 3964 fuisse
1585 3905 1677 3986 puto.
1723 3899 1809 3966 hanc
1830 3922 1921 3982 vero,
1945 3901 1980 3967 ni
2002 3902 2095 3969 fallit
2117 3903 2185 3992 cpi·

464 4009 529 4090 nic,
554 4006 609 4073 vel
630 4011 739 4073 totam
760 4004 815 4071 vel
837 4025 959 4089 magna
982 4023 1023 4068 ex
1045 4008 1143 4091 parte
1166 4000 1319 4069 traduxit
1339 4002 1510 4089 Agathias
1533 4002 1570 4069 in
1593 4003 1724 4091 cyclum
1746 4027 1852 4086 suum,
1876 4004 2039 4094 adquam
2062 4006 2186 4075 dudum

573 4234 599 4302 1)
619 4230 659 4285 01.
679 4229 789 4298 Eugeiii
807 4229 841 4283 de
859 4228 1023 4296 quibusdam
1041 4226 1220 4296 anthologiae
1238 4239 1353 4294 graecae
1373 4226 1579 4294 epigrammatis
1599 4229 1856 4283 commentationem
1875 4245 1901 4297 p.
1924 4232 1957 4283 10
1976 4245 2016 4298 sq.

568 4319 596 4388 2)
616 4318 686 4374 Nam
704 4319 785 4386 huuc,
804 4317 926 4386 quamvis
945 4317 973 4371 ic
993 4316 1011 4372 S
1031 4317 1111 4382 desit,
1130 4315 1297 4370 translatum
1325 4329 1386 4369 esse
1414 4329 1448 4368 ex
1475 4315 1609 4369 communi
1636 4317 1778 4384 utriusque
1804 4317 1868 4372 libri
1893 4315 1969 4372 fonte
1995 4317 2131 4374 docebunt
2151 4333 2186 4374 ea

464 4423 534 4478 quae
553 4407 627 4462 inira
644 4407 758 4463 aderam
777 4405 810 4460 da
828 4404 964 4460 lemmatis
985 4413 1068 4474 atque
1086 4402 1315 4472 inscriptionibus
1334 4402 1438 4458 codicis
1459 4403 1490 4457 B.

567 4497 595 4564 3)
614 4496 743 4552 Ordinem
763 4495 990 4563 epigrammatum
1010 4495 1038 4548 in
1057 4494 1075 4548 S
1094 4492 1203 4548 omnino
1224 4491 1392 4544 simillimum
1420 4505 1481 4546 esse
1500 4491 1526 4545 ei
1546 4492 1592 4559 qui
1609 4493 1748 4546 invenitur
1766 4493 1795 4545 in
1814 4493 1942 4551 Palatino
1962 4496 2056 4551 ccdica
2075 4503 2103 4551 et
2121 4497 2185 4553 Pla·

464 4586 553 4642 uudec
571 4584 692 4640 ostendit
711 4583 854 4638 Finalerus
873 4582 892 4637 1.
911 4597 934 4636 o.
954 4599 981 4650 p.
1001 4584 1043 4638 97.

570 4677 599 4745 4)
619 4673 659 4728 01.
678 4672 704 4726 X
723 4674 766 4740 99,
785 4674 829 4740 91,
848 4673 891 4738 37,
909 4673 951 4738 99,
971 4674 1014 4738 61,
1033 4673 1078 4738 99,
1097 4671 1140 4738 96,
1159 4672 1202 4736 99,
1224 4671 1267 4735 99,
1290 4671 1348 4738 109,
1371 4672 1437 4735 119,
1458 4671 1518 4734 119,
1539 4670 1589 4722 125
1612 4670 1676 4737 126,
1702 4668 1877 4724 intercedunt
1903 4671 1989 4738 ἄδηλα
2007 4673 2076 4727 satis
2095 4673 2184 4728 multa

464 4765 572 4834 generis
591 4762 720 4830 eiusdem,
740 4775 810 4831 quae
829 4761 902 4814 inter
922 4759 976 4815 duo
995 4759 1058 4815 illos
1077 4765 1174 4828 poetas
1193 4755 1384 4825 dispertienda
1402 4772 1463 4812 esse
1481 4757 1636 4811 videantur.

570 4853 598 4922 ὅ)
617 4851 754 4907 Plancder
774 4850 916 4905 adnotavit
935 4849 1050 4916 ἄδηλον,
1073 4849 1100 4902 ο1
1118 4847 1148 4901 di
1167 4846 1309 4902 nauata.

570 4943 598 5008 9)
616 4939 676 4995 Hcs
695 4954 812 5006 errores,
841 4939 887 5006 qui
907 4938 1063 5006 frequentes
1083 4935 1324 5004 deprehenduntnr
1352 4936 1379 4988 in
1405 4934 1566 5002 anthologia
1592 4931 1637 5005 (oi.
1664 4935 1693 4989 in
1712 4936 1806 4990 ecdem
1825 4934 1897 4991 libro
1916 4952 1942 4990 u.
1962 4939 2022 5005 699,
2041 4941 2103 5005 641,
2122 4941 2183 5004 709,

463 5030 531 5100 alia)
550 5045 604 5084 nou
623 5029 687 5094 iam,
707 5029 747 5082 uti
765 5026 827 5082 deri
846 5027 917 5082 solet
936 5033 964 5081 et
982 5025 1042 5094 ipse
1062 5023 1210 5092 aliquando
1228 5021 1295 5102 feci·
1309 5023 1356 5093 (ci.
1376 5021 1586 5091 Epigrammata
1604 5037 1704 5090 graeca
1723 5023 1751 5078 iu
1770 5025 1855 5080 muria
1875 5025 1950 5093 picta
1969 5025 2023 5080 duo
2042 5041 2068 5094 p.
2090 5028 2123 5081 19
2142 5042 2182 5094 eq.

462 5121 540 5189 not),
559 5118 697 5186 cephalae
716 5119 830 5186 imputo,
849 5117 903 5171 nisi
921 5117 962 5170 ita
980 5122 1010 5171 ut
1028 5129 1089 5170 eum
1107 5114 1267 5182 antiquiora
1285 5112 1588 5180 errataprcpagavisre
1606 5111 1772 5183 existimem
1791 5116 1815 5169 ie
1834 5116 1905 5170 enim
1923 5116 2004 5171 homo
2022 5131 2075 5184 quo
2094 5117 2184 5170 minua

460 5210 530 5264 talia
548 5216 662 5264 novaret
681 5207 808 5263 socordia
826 5221 876 5262 sua
893 5205 1104 5274 impediebatur.
1148 5203 1177 5258 id
1212 5203 1311 5272 quibua
1329 5201 1437 5256 indiciis
1468 5209 1617 5256 commotus
1645 5200 1747 5270 dicam,
1774 5203 1905 5271 exemplis
1923 5204 2085 5272 quibusdam
2103 5203 2179 5259 infra

462 5297 702 5354 demonstrabitur.
