4920 6264
1152 606 1386 676 -ς-

403 830 522 877 versus
545 806 707 888 admittit,
730 805 852 872 lacuna
875 804 1028 871 ablatum
1051 827 1070 871 e
1093 805 1284 872 coniectura
1307 803 1395 871 adici
1431 809 1575 891 oportet.
1621 824 1707 890 quae
1723 807 1820 869 trans
1833 803 1970 870 chartae
1983 805 2133 872 foramen

404 914 446 981 de
468 913 529 980 hoc
551 933 653 979 versu
676 914 881 998 supersunt,
908 907 1087 976 Cramerus
1110 915 1201 976 recte
1224 909 1327 996 legit,
1357 909 1425 976 nisi
1447 909 1536 996 qnod
1559 912 1639 975 autc
1661 933 1683 973 α
1704 907 1841 975 videtur
1862 908 1984 975 relicta
2006 931 2081 975 esse
2103 933 2130 977 τ.

407 1018 522 1106 itaque
554 1014 591 1082 ni
625 1014 736 1082 omnia
766 1013 893 1081 fallunt
922 1012 1066 1095 indicia,
1106 1013 1210 1080 codex
1230 1013 1397 1081 habuerat
1428 1012 1516 1078 hunc
1538 1034 1673 1079 versum
1705 1014 1875 1098 δωροῦμαι
1906 1011 1962 1078 ειαλ
1994 1015 2131 1098 πτηνὸν,

409 1119 509 1208 ίδ[ού,
530 1121 645 1204 καλόν,
667 1117 709 1207 εί]
731 1119 772 1184 τά
793 1141 831 1202 με
853 1122 978 1204 χείλεος
1001 1137 1099 1204 quem
1115 1122 1229 1184 tamen
1249 1116 1470 1205 depravatum
1489 1138 1564 1182 esse
1576 1114 1726 1182 ostendit
1743 1115 1838 1181 nulla
1859 1114 2131 1201 transgressione

407 1224 601 1292 adiunctum
625 1221 838 1290 enuntiatum
861 1219 1106 1301 condicionale,
1142 1218 1231 1307 quod
1264 1219 1464 1307 imperativo
1498 1219 1557 1306 qui
1591 1218 1744 1307 sequitur
1775 1219 1923 1303 λάμβανε
1946 1219 2131 1286 subiectum

405 1350 481 1396 esse
502 1332 610 1415 patet.
664 1325 780 1414 itaque
804 1347 877 1391 cum
901 1346 984 1411 opus
1007 1323 1054 1388 sit
1075 1323 1246 1410 particula
1268 1323 1308 1388 δέ
1312 1373 1321 1406 ,
1351 1328 1412 1389 aut
1435 1345 1508 1388 cum
1529 1320 1627 1388 Fixio
1651 1321 1861 1388 scribendum
1883 1322 1965 1387 είδ
1991 1320 2044 1388 az
2066 1327 2131 1409 χεί-

405 1439 464 1499 λεα
484 1433 489 1519 Ι
507 1436 617 1519 χεῖλος
639 1429 720 1515 ίμὸει
749 1433 862 1514 θείης,
896 1428 928 1494 h.
956 1449 984 1493 e.
1008 1430 1040 1494 εί
1061 1425 1097 1492 δὲ
1119 1432 1217 1512 θειής
1238 1431 1348 1514 χείλεα
1371 1425 1425 1492 ἐπὶ
1446 1432 1556 1513 χεῖλος
1577 1425 1675 1511 ἐμόν,
1709 1431 1770 1492 aut
1791 1429 1823 1491 εί
1844 1425 1877 1490 δ’
1903 1423 1958 1492 ext
1978 1428 2112 1514 χείλεαΙ

404 1539 531 1624 χείλεσί
549 1559 606 1621 μοι
628 1538 735 1619 θείης,
757 1555 843 1622 quae
866 1537 1026 1599 construe
1049 1535 1081 1598 εί
1102 1529 1139 1597 δὲ
1162 1532 1313 1616 ἐπιθείης
1335 1555 1392 1616 μοι
1414 1535 1523 1618 χείλεα
1546 1535 1678 1616 χείλεσι.
1722 1529 1963 1618 comparandus
1987 1536 2041 1596 est
2062 1529 2131 1598 Ma·

407 1639 530 1726 leagrii
553 1636 806 1728 epigrammatis
827 1637 871 1704 A.
895 1636 933 1703 P.
956 1637 990 1704 V
1014 1637 1093 1717 171,
1117 1635 1205 1724 quod
1227 1640 1336 1702 totum
1360 1635 1529 1716 exscribo,
1553 1658 1585 1700 v.
1609 1635 1630 1700 3

662 1831 708 1896 Tb
730 1831 859 1915 σκύφος
880 1830 946 1913 ἡδὺ
968 1827 1108 1914 γέγηθε·
1139 1828 1227 1912 λέγει
1251 1829 1280 1894 δ’
1306 1829 1356 1894 ὅτι
1378 1839 1436 1906 τᾶς
1459 1829 1642 1915 φιλέρωτος

755 1937 948 2018 Ζηνοφίλας
969 1934 1068 2011 ψαύει
1090 1943 1151 1998 τοῦ
1172 1937 1291 2000 λαλιοῦ
1313 1935 1475 2017 στόματος
1488 1933 1521 2018 ¹).

659 2039 794 2121 ὄλβιον·
818 2035 880 2102 είθ*
907 2036 962 2102 ὑπ’
988 2036 1080 2121 ἐμοῖς
1101 2047 1166 2102 νῦν
1188 2042 1311 2122 χείλεσι
1333 2041 1442 2123 χείλεα
1463 2044 1563 2103 θεῖσα

746 2137 906 2205 ἀπνευστὶ
930 2139 1041 2225 ψυχὰν
1062 2141 1124 2205 εὰν
1146 2139 1183 2205 ἐν
1205 2139 1277 2223 ἐμοὶ
1301 2143 1447 2224 προπίοι.

411 2335 486 2423 ipsa
508 2331 689 2400 locutionis
713 2329 903 2418 aequalitas
927 2329 1101 2396 confirmat
1124 2330 1263 2396 eundem
1293 2330 1470 2418 utriusque
1493 2331 1649 2398 carminis
1673 2335 1835 2401 artificem
1859 2358 1949 2421 esse;
1983 2360 2022 2404 ac
2045 2339 2133 2407 solet

411 2438 583 2523 Meleager
606 2435 658 2501 ita
681 2457 755 2501 sese
777 2440 932 2521 repetere
955 2456 1067 2500 eorum
1088 2435 1123 2499 in
1145 2434 1294 2515 modum,
1319 2435 1375 2522 qui
1398 2434 1501 2501 nimia
1523 2458 1679 2502 versuum
1702 2439 1945 2506 fundendorum
1967 2442 2132 2511 facultate

413 2542 554 2632 pollent.
606 2538 705 2606 huius
735 2537 843 2625 igitur
872 2537 1028 2604 carminis
1057 2561 1089 2604 v.
1115 2539 1134 2603 3
1167 2537 1295 2604 codices
1318 2538 1495 2606 Palatinus
1527 2545 1561 2605 et
1581 2539 1775 2608 Planudeus
1798 2543 1923 2611 habent
1952 2545 2007 2611 ὑεί
2032 2547 2133 2632 ἐμοῖς,

412 2647 473 2714 sed
494 2643 743 2712 Herwerdenus
766 2643 802 2708 in
824 2641 1061 2730 Mnemosyncs
1084 2667 1116 2709 n.
1142 2667 1167 2708 s.
1192 2643 1229 2708 Π
1251 2645 1315 2709 809
1346 2645 1472 2710 rectius
1495 2644 1542 2711 εἰί
1568 2645 1660 2729 ἐμοῖς
1682 2645 1829 2715 scribere
1851 2647 1996 2716 videtur.
2052 2649 2134 2719 licet

414 2751 501 2818 enim
523 2747 639 2836 puella
663 2747 811 2814 osculum
835 2752 1015 2834 exceptura
1032 2748 1124 2814 labia
1147 2754 1182 2812 et
1204 2748 1325 2815 obdere
1345 2755 1380 2814 et
1404 2749 1544 2815 subdere
1568 2752 1728 2816 amatoris
1750 2752 1851 2819 labiis
1875 2759 1966 2820 recte
1989 2754 2131 2840 dicatur,

413 2859 527 2921 tamen
550 2852 585 2917 in
609 2850 672 2917 hac
695 2850 943 2936 comparatione
966 2872 1038 2916 eam
1060 2851 1217 2936 usurpari
1240 2852 1521 2938 praepositionem
1546 2855 1739 2920 sumendum
1762 2861 1832 2939 est,
1870 2880 1955 2945 quae
1977 2859 2021 2925 ad
2042 2861 2134 2947 puel·

413 2957 483 3024 lam
503 2961 576 3022 tum
600 2953 715 3021 calicis
746 2952 839 3041 pleni
877 2975 954 3018 orae
988 2959 1060 3018 tum
1093 2960 1213 3040 poetae
1237 2955 1349 3042 cupidi
1377 2956 1483 3022 labris
1507 2978 1544 3021 os
1568 2957 1798 3026 admoventem
1821 2962 1951 3048 pariter
1973 2970 2054 3053 apta
2077 2966 2133 3034 sit.

413 3067 449 3128 ct
471 3058 658 3127 conlocatio
689 3059 866 3124 verborum
898 3057 970 3139 hic,
1002 3065 1041 3122 ut
1072 3058 1106 3122 in
1139 3057 1309 3124 Gaetulici
1341 3058 1530 3127 imitatione
1553 3061 1596 3127 A.
1619 3061 1656 3127 P.
1680 3062 1733 3128 XI
1754 3065 1891 3147 409,1,
1926 3067 2067 3156 simplex
2099 3077 2134 3138 et

414 3164 612 3244 communis,
646 3161 717 3228 illic
741 3159 957 3249 exquisitior,
989 3184 1055 3226 non
1078 3169 1190 3228 tamen
1213 3187 1351 3250 prorsus
1375 3165 1531 3248 insolita,
1568 3166 1640 3232 sive
1674 3167 1763 3234 Fixii
1785 3169 1856 3235 sive
1878 3193 1985 3237 meam
2008 3174 2134 3263 excipis

416 3268 628 3357 scripturam.
674 3265 769 3354 atqui
791 3265 908 3331 horum
930 3271 1105 3352 poetarum
1126 3289 1223 3332 usum
1246 3267 1275 3332 si
1298 3268 1510 3355 respicimus,
1541 3269 1592 3336 illi
1616 3272 1733 3352 altera,
1758 3295 1855 3361 quam
1880 3297 1941 3361 ego
1964 3279 2133 3366 proposui,

412 3377 577 3462 praestat.
624 3393 696 3437 cum
720 3369 807 3437 enim
830 3367 991 3436 Fixianac
1013 3370 1191 3436 verborum
1214 3371 1446 3459 dispositionis
1470 3374 1654 3461 exemplum
1676 3399 1739 3463 par
1762 3385 1796 3443 et
1819 3379 1986 3464 geminum
2008 3381 2043 3447 in
2066 3381 2134 3451 Me·

418 3473 528 3560 leagri
551 3481 642 3540 certe
666 3473 867 3539 carminibus
889 3496 955 3539 non
978 3473 1158 3556 inveniam,
1182 3475 1240 3540 ille
1264 3476 1380 3542 crebro
1403 3478 1502 3543 tmesi
1524 3479 1672 3565 seiungit
1694 3503 1812 3547 nomen
1835 3505 1855 3548 a
1877 3486 2136 3574 praepositione,

415 3601 500 3668 quae
523 3577 609 3643 illud
631 3577 739 3663 regit,
772 3577 934 3644 vocabulo
963 3578 1017 3643 vel
1051 3601 1116 3644 uno
1148 3580 1204 3645 vel
1235 3581 1388 3666 pluribus
1419 3582 1631 3669 interpositis
1643 3585 1677 3670 2).
1724 3593 1758 3651 et
1783 3587 1912 3654 accedit
1935 3589 2037 3657 etiam
2058 3592 2136 3660 huic

414 3681 671 3750 conformationi
693 3681 871 3748 verborum
901 3685 933 3747 εί
954 3683 988 3748 δ’
1029 3683 1082 3748 εἰιλ
1119 3690 1242 3769 χείλεσι
1273 3687 1382 3772 χείλεοί
1412 3711 1468 3771 μοι
1490 3691 1587 3770 θείης
1607 3690 1846 3756 commendatio
1869 3716 1935 3758 non
1955 3695 2133 3764 mediocris

413 3787 492 3854 inde
530 3786 619 3875 quod
656 3793 734 3874 post
768 3791 937 3872 receptam
959 3785 1181 3854 Herwerdeni
1213 3789 1449 3855 correctionem
1483 3791 1581 3876 plane
1606 3793 1719 3858 eadem
1742 3794 1776 3858 in
1800 3795 1948 3862 eiusdem
1970 3797 2135 3886 Meleagri

414 3899 468 3959 est
493 3891 733 3979 epigrammate
757 3912 860 3976 supra
883 3889 1013 3972 adlata,
1038 3914 1122 3972 nam,
1147 3892 1236 3979 quod
1258 3891 1367 3957 obiter
1389 3916 1522 3974 moneo,
1548 3917 1620 3960 cum
1644 3903 1756 3963 cetera
1787 3902 2014 3986 consentiant,
2046 3904 2135 3972 inter

418 4000 541 4082 χείλεσι
567 4001 601 4060 et
623 3999 720 4079 θείης
742 3992 979 4080 interpositum
1001 3999 1061 4079 μοί
1081 3993 1242 4061 vicarium
1266 3997 1465 4084 supponitur
1485 3999 1677 4084 possessivo
1697 4003 1883 4088 pronomini
1905 4006 2005 4090 ἐμοῖς,
2028 4032 2049 4074 a
2071 4031 2134 4098 quo

416 4099 502 4168 nihil
526 4098 659 4182 differt,
683 4097 734 4164 ita
754 4097 842 4164 idem
864 4095 1034 4184 Meleager
1057 4099 1129 4165 loco
1153 4099 1320 4168 simillimo
1341 4101 1385 4169 A.
1408 4101 1446 4167 P.
1470 4101 1541 4168 XM
1565 4104 1637 4185 133,
1661 4105 1683 4170 4

417 4263 745 4274 ..—--—--——-.—-
774 4263 798 4268 .-

411 4386 463 4440 pro
481 4371 622 4439 φιλοῦντος
640 4368 746 4425 scribas
767 4368 929 4436 φιλεῦντας.
973 4377 1093 4423 ceterum
1112 4369 1238 4425 Piccolus
1258 4370 1351 4426 eadem
1370 4373 1508 4427 sententia
1526 4372 1554 4427 in
1574 4374 1707 4445 Meleagri
1726 4378 1923 4446 epigrammate
1941 4383 2052 4450 cognita
2083 4384 2135 4440 hoc

411 4459 567 4530 procreavit
584 4467 734 4513 monstrum
753 4457 908 4526 scripturae

659 4574 802 4644 δωροῦμαι
820 4573 866 4627 xri
883 4572 981 4638 πεηνὸε
1000 4573 1105 4638 ἀοιδόν,
1123 4575 1166 4643 ἐφ’
1185 4567 1206 4646 ᾧ
1226 4576 1262 4628 σοί
1283 4595 1314 4646 χε
1329 4579 1419 4648 χείλεα

734 4663 830 4734 χείλειί
848 4664 924 4732 ἐμοῖς
941 4663 1040 4734 θῆσχς·
1059 4663 1182 4734 λάμβανε
1200 4665 1247 4718 nai
1264 4668 1388 4738 εεείρειγεε.

519 4789 547 4859 1)
564 4789 719 4858 ιιμοριλοε
736 4795 785 4842 aut
803 4790 958 4856 Ζηνορῖλος
976 4789 1030 4857 apt
1049 4789 1141 4857 cogita
1160 4791 1292 4858 scriptum
1311 4791 1339 4845 in
1359 4793 1475 4862 scypho,
1498 4809 1577 4862 quem
1596 4802 1679 4863 poeta
1697 4796 1804 4853 mulieri
1823 4797 1865 4852 illi
1884 4797 1955 4856 dono
1975 4799 2041 4856 dare
2060 4799 2133 4855 vida-

413 4885 472 4946 tur;
491 4875 525 4932 oi.
545 4876 576 4932 Ο.
595 4875 684 4944 John,
722 4876 962 4946 ῑίεεεεεεοιεεειείαιερ
981 4875 1074 4946 Κλῖιείρ
1092 4877 1222 4948 ὶεειίεείμε
1240 4895 1267 4947 p.
1287 4879 1409 4935 CXXIX.

528 4995 556 5064 2)
574 4991 710 5063 Exemplo
730 5009 745 5048 s
763 4994 856 5049 multis
876 5010 929 5049 uno
949 4991 1083 5062 defungar
1102 4997 1255 5066 simillimo,
1284 5001 1317 5053 A.
1335 4999 1364 5053 P.
1384 4999 1436 5054 vu
1455 5002 1516 5068 352,
1535 5004 1551 5056 7
1571 5017 1610 5070 eq.

660 5113 790 5184 Πιερίδες,
808 5115 832 5166 εί
847 5113 957 5185 ιιόρχσιε
975 5111 1018 5182 λη’
1037 5113 1195 5184 &damippus
1212 5115 1329 5187 ίάμμοιις

729 5201 861 5272 ίερείεεεί,
890 5201 940 5274 εελχ
961 5201 1025 5274 δαίμ
1044 5205 1111 5273 pari
1125 5207 1313 5280 χαριζόμενοι.
