4920 6264
1038 555 1332 623 -11-·

552 751 701 834 Παίγνια
723 747 786 833 μὲν
807 749 887 816 τάδε
909 749 1032 815 πάντα·
1060 749 1170 836 altger
1190 751 1224 816 θ’
1251 749 1466 836 ἑτερότροπος
1489 751 1575 837 ὁρμή

645 865 718 931 ταῖς
739 853 876 936 ἀλόγοις
895 854 1032 930 ταύταις
1054 852 1231 941 ἐμφέρεται
1253 857 1394 939 βολίσιν.

295 954 475 1022 Cramerus
499 978 532 1044 p.
556 955 630 1038 370,
655 956 696 1022 13
720 956 860 1024 eandem
883 955 1087 1045 scripturam
1110 956 1286 1043 ἐμφέρεται
1316 979 1334 1023 e
1369 980 1429 1024 suo
1450 957 1538 1026 libro
1573 958 1677 1027 dedit.
1734 960 1795 1027 sed
1828 960 1933 1028 habet
1965 958 2023 1027 ille

293 1059 481 1146 ἐκφέρεται,
515 1063 606 1126 recte
633 1060 783 1147 quidem,
815 1061 977 1127 namhoc
1000 1065 1054 1128 est
1077 1060 1299 1142 ‘ostenditur',
1325 1061 1445 1148 ‘palam
1468 1062 1527 1146 fit’,
1563 1063 1625 1130 aed
1657 1064 1834 1151 ἐμφέρεται
1856 1064 1937 1153 quid
1960 1063 2026 1130 sibi

294 1163 397 1246 velit,
421 1186 489 1230 nou
509 1163 592 1230 item
618 1163 727 1230 video.
777 1169 926 1231 ceterum
960 1164 1099 1232 eandem
1122 1163 1299 1232 lectionem
1320 1165 1450 1232 varidm
1484 1188 1525 1232 ex
1548 1168 1619 1235 cod.
1643 1167 1720 1235 Par.
1746 1168 1849 1251 1630,
1888 1168 1929 1235 de
1962 1191 2026 1256 quo

295 1289 372 1333 mox
392 1265 493 1354 plura
515 1265 672 1350 afferam,
712 1267 978 1354 exsiguavernnt
1000 1267 1216 1354 anthologiae
1239 1268 1387 1336 editores
1410 1268 1576 1356 Parisini;
1612 1277 1650 1339 at
1671 1272 1841 1339 variorum
1863 1272 1954 1339 notis
1977 1273 2027 1338 in-

296 1370 443 1438 seruisse
466 1370 553 1437 satis
578 1370 778 1439 habuerunt.

425 1472 575 1542 Gravius
599 1479 664 1558 eat,
689 1475 779 1564 quod
801 1475 891 1542 viem
914 1473 1112 1542 emendandi
1134 1481 1303 1542 monstrat
1324 1475 1424 1542 lectio
1447 1475 1571 1545 codicis
1594 1501 1615 1545 a
1636 1478 1794 1548 Cramero
1817 1479 2024 1568 interpolata

296 1579 332 1644 in
354 1577 596 1667 epigrammate
618 1585 674 1646 sat
698 1579 869 1668 eleganti,
893 1579 982 1668 quod
1005 1585 1106 1647 autes
1128 1579 1291 1646 ineditum
1313 1579 1371 1648 ille
1395 1579 1531 1648 exhibet
1551 1604 1584 1670 p.
1602 1583 1741 1669 386,16,
1766 1607 1868 1652 versu
1889 1585 1919 1651 5.
1966 1583 2027 1652 sed

295 1689 403 1750 totum
427 1683 635 1766 exscribam,
660 1683 816 1772 quoniam
838 1684 933 1752 varie
956 1683 1177 1750 deformatum
1198 1705 1381 1771 persanare
1405 1683 1558 1752 studebo.

557 1788 686 1868 Σιιέήαι
708 1789 905 1873 Νάρκισσον
927 1787 982 1855 καὶ
1004 1788 1118 1873 μηκέτι
1141 1799 1249 1873 γαῦρα
1272 1793 1453 1875 φρονήσῃς.

640 1895 735 1960 τοῦθ
761 1894 994 1979 ὑπερηφανίης
1016 1895 1124 1970 ἄνθος
1146 1895 1273 1977 ἔφυσεν
1295 1895 1387 1976 ἔρως.

556 2002 631 2063 τίνα
653 2001 713 2064 τὸν
735 1997 915 2083 στέργοντα
938 2001 1148 2081 παλίστροφα
1169 1999 1250 2079 ἔργα
1273 1996 1450 2082 δεδορκώς,

641 2103 819 2190 πειράθητι
842 2101 1000 2187 φρονέειν
1020 2097 1126 2185 μηδὲν
1147 2097 1232 2185 ὑπὲρ
1254 2101 1293 2166 τὸ
1313 2099 1444 2184 μέτρον.

554 2206 647 2273 τοῦθ’
673 2206 691 2272 ὃ
714 2205 848 2290 βλέπεις
870 2204 1027 2290 στέφωμα
1049 2206 1139 2290 παρὰ
1161 2207 1289 2290 κρήνην
1311 2203 1403 2270 ἐστιν
1425 2203 1587 2290 ἐρασθέν,

643 2313 782 2377 ἔκλαυσα
805 2318 938 2396 μορφῆς
960 2310 1092 2385 εἰκόνας
1114 2308 1323 2385 ἀντιτύπους.

294 2419 549 2502 temptaverant
579 2414 641 2480 hos
662 2435 782 2480 versus
806 2413 909 2479 etiam
930 2410 1119 2478 Meinekius
1150 2412 1185 2478 in
1207 2411 1364 2478 Analect.
1387 2411 1486 2480 Alex.
1510 2435 1542 2500 p.
1567 2412 1630 2478 397
1664 2418 1700 2478 ct
1722 2435 1743 2479 a
1764 2413 1942 2481 Duebnero
1965 2413 2022 2480 ad·

295 2518 388 2583 iutus
410 2515 564 2584 Piocolus
586 2541 619 2606 p.
645 2519 726 2602 162;
750 2516 850 2583 huius
872 2515 980 2604 ipsius
1002 2515 1154 2604 pericula
1177 2515 1260 2583 adeo
1284 2522 1364 2582 sunt
1384 2514 1539 2604 puerilia,
1562 2522 1603 2582 ut
1624 2515 1681 2582 vel
1702 2515 1857 2584 refellere
1872 2518 2020 2585 taedeat.

295 2620 499 2687 Meinelrium
518 2621 662 2709 adparet
683 2647 715 2687 v.
735 2622 755 2688 3
778 2630 870 2688 recte
893 2620 1089 2687 emendasse
1110 2625 1198 2706 τίμα,
1221 2621 1291 2688 v.5
1313 2622 1524 2708 στεφάνωμα,
1546 2619 1686 2686 eundem
1708 2620 1810 2688 etiam
1833 2644 1865 2686 v.
1889 2621 1910 2685 5
1932 2624 2022 2706 παρὰ

294 2725 691 2813 κρήνῃσενοοοὶοἱοολοιω
704 2725 957 2808 conlineavisse,
983 2724 1090 2791 sedin
1105 2723 1229 2792 ceteris
1252 2727 1404 2812 apoetse
1427 2724 1597 2792 sententia
1619 2724 1831 2792 aberravisse
1847 2722 2020 2809 existimo;

294 2830 371 2895 v.3
403 2830 491 2896 enim
523 2830 600 2897 vult
632 2835 843 2916 παλίστροφα
873 2830 907 2896 d’
932 2833 1024 2916 ἔργα,
1046 2830 1123 2896 v.5
1153 2835 1301 2896 extremo
1323 2828 1506 2915 μαρανθέν.
1562 2834 1600 2895 at
1621 2828 1787 2895 vocabula
1808 2833 2020 2915 παλίστροφα

295 2937 376 3020 ἔργα
399 2935 567 3019 θεθορκώς
597 2957 661 3001 nou
687 2932 893 3020 seiungenda
917 2939 996 3000 sunt
1019 2956 1040 3000 a
1061 2937 1241 3022 praecepto
1263 2937 1341 3018 τίμα
1362 2935 1423 2999 τὸν
1444 2932 1646 3020 στέργοντα,
1678 2937 1714 2999 et
1744 2931 1824 3021 quid
1855 2932 1903 2999 sit
1932 2931 2021 3021 quod

297 3061 417 3106 corona
438 3038 665 3106 narsiasorum
688 3037 732 3104 ad
753 3038 865 3105 fontes
900 3038 1096 3106 defloruisse
1133 3039 1271 3120 dicitur,
1311 3059 1407 3105 nemo
1440 3037 1540 3105 facila
1573 3037 1765 3124 intelleget;
1799 3059 1907 3126 neque
1939 3059 2020 3106 vero

294 3140 398 3208 codex
418 3141 523 3209 habet
553 3141 715 3229 έρασθέν,
746 3142 834 3230 quod
857 3141 1035 3210 Cramerus
1059 3142 1182 3225 edidit,
1218 3141 1278 3208 sed
1300 3141 1463 3227 έρησθέν,
1497 3141 1585 3230 quod
1608 3147 1662 3209 est
1682 3163 1743 3230 pro
1766 3141 1912 3228 έρισθέν.
1957 3164 2019 3229 ego

293 3243 360 3312 toti
382 3245 522 3314 carmini
542 3248 651 3314 lucem
673 3245 790 3313 afferri
811 3252 904 3334 puto,
928 3247 958 3313 si
981 3245 1202 3315 adornabitur
1223 3245 1275 3312 ita

545 3351 684 3432 Στέψαι
705 3352 900 3437 νάρκισσον,
922 3350 978 3418 καὶ
999 3351 1113 3437 μηκέτι
1135 3361 1243 3437 γαῦρα
1265 3352 1456 3436 φρονήσῃς·

629 3456 723 3524 τοῦθ’
748 3457 982 3542 ὑπερηφανέης
1003 3458 1111 3534 ἄνθος
1132 3458 1259 3540 ἔφυσεν
1272 3453 1397 3539 Ἔρως,

460 3583 462 3590 ’
544 3560 637 3626 τοῦθ
664 3560 682 3626 ὃ
705 3561 839 3645 βλέπεις
861 3561 1062 3647 στεφάνωμα
1084 3561 1175 3643 παρὰ
1195 3560 1338 3644 κρήνῃσι
1360 3555 1584 3643 θερισθὲν

626 3667 789 3730 ἔκλαυσεν
810 3674 944 3750 μορφῆς
966 3666 1098 3740 εἰκόνας
1120 3663 1330 3740 ἀντιτύπους.

543 3771 621 3852 τίμα
642 3770 703 3834 τὸν
725 3767 906 3854 στέργοντα
927 3771 1138 3854 παλίστροφα
1159 3768 1284 3852 τῶργα
1307 3767 1495 3850 δεδορκώς,

628 3873 807 3958 πειράθητι
830 3883 973 3958 φρονεῖν
994 3869 1100 3956 μηδὲν
1121 3868 1206 3956 ὑπὲρ
1226 3871 1266 3936 τὸ
1287 3868 1419 3956 μέτρον.

294 3995 396 4062 puero
420 3997 575 4042 aaronem
595 3981 697 4063 poeta
726 3976 827 4042 offert
850 3998 868 4041 e
889 3975 1051 4042 narcissis
1083 3996 1187 4061 prope
1217 3973 1330 4039 fontes
1362 3970 1530 4062 decerptis
1553 3973 1608 4058 (cf.
1631 3975 1799 4060 στεφανὸν
1820 3971 2018 4059 δρέπεσθαι)

295 4085 420 4146 sertam
433 4080 475 4167 ι),
510 4085 550 4146 ut
572 4079 672 4146 flores
693 4079 831 4146 Amoris
853 4079 1030 4146 voluntate
1053 4101 1094 4144 ex
1116 4077 1274 4165 superbie
1295 4077 1417 4165 punita
1435 4077 1528 4144 enati
1549 4076 1644 4142 illum
1659 4101 1680 4144 a
1694 4075 1833 4144 fastidio
1848 4079 2018 4142 revocent.

294 4183 414 4270 scripsi
436 4183 545 4269 igitur
566 4207 597 4249 v.
623 4183 640 4249 1
666 4184 792 4270 στέψαι,
814 4206 879 4273 quo
901 4187 1123 4272 praeparetur
1145 4186 1180 4248 et
1203 4180 1390 4268 explicetur
1411 4201 1552 4248 coronae
1574 4179 1715 4262 mentio,
1739 4203 1839 4270 quae,
1861 4184 2018 4246 utentes

294 4285 376 4354 haee
398 4287 610 4375 legebantur,
635 4288 841 4356 obscuritate
862 4289 1058 4368 laborabat,
1082 4285 1201 4353 deinde
1223 4310 1255 4352 v.
1279 4286 1318 4366 3,
1352 4291 1393 4351 ut
1425 4291 1461 4351 et
1484 4285 1672 4353 sententiae
1694 4285 1821 4352 rationi
1842 4291 1878 4353 et
1898 4305 2018 4352 versus

291 4391 434 4459 artificio
456 4391 542 4459 satis
565 4393 681 4476 ficret,
705 4395 833 4480 τῶργα,
855 4417 887 4460 v.
912 4395 933 4460 5
955 4393 1155 4479 στεφάνωμα
1177 4391 1266 4477 παρὰ
1287 4393 1429 4477 κρήνῃσι
1450 4390 1632 4477 θερισθέν,
1655 4412 1720 4478 quo
1743 4389 1896 4478 aperitur
1918 4411 2016 4474 argu·

291 4502 438 4562 mentum
460 4496 732 4584 epigrammatis,
769 4497 911 4586 deniquo
940 4495 1135 4584 transposui
1167 4495 1346 4562 seeundum
1369 4495 1553 4578 distichon,
1587 4494 1676 4584 quod
1703 4500 1744 4561 ut
1772 4493 1851 4562 sede
1884 4492 1946 4559 illa
1968 4492 2016 4558 di·

290 4600 490 4689 storquebat
512 4623 553 4667 ee
575 4622 661 4689 quae
684 4623 720 4668 ae
743 4601 896 4690 excipere
919 4600 1095 4683 debebant,
1118 4599 1171 4666 ite
1193 4621 1279 4666 nunc
1301 4603 1380 4686 apte
1396 4603 1498 4687 atque
1521 4600 1675 4685 graviter
1689 4597 1859 4667 concludit
1873 4619 2016 4667 cannen.

288 4702 407 4772 haeret
427 4705 659 4772 tantummodo
682 4707 858 4794 sompulus
882 4705 923 4772 de
945 4727 1026 4772 voce
1048 4708 1157 4782 ἄνθος
1177 4729 1209 4771 v.
1232 4703 1270 4787 2,
1301 4725 1411 4791 aqua
1433 4725 1616 4792 suspensus
1639 4705 1817 4791 genetivus
1844 4704 2015 4789 ὑπερηφα-

288 4811 362 4892 νίης
382 4831 450 4876 non
471 4809 575 4877 habet
596 4810 761 4877 rationem
784 4810 870 4878 satis
892 4809 1113 4898 perspicuam.

416 4911 605 4981 Persimilis
628 4914 819 5002 argumenti
848 4937 981 4981 carmen
1002 4913 1039 4978 in
1059 4912 1103 4978 Α.
1123 4911 1161 4978 Ρ.
1184 4911 1218 4977 V
1240 4911 1284 4978 74
1305 4909 1434 4998 legitur
1456 4911 1579 4995 Rufini,
1603 4935 1687 5002 quo,
1718 4911 1749 4978 si
1783 4933 1866 5000 opus
1899 4910 2015 4994 fuerit,

288 5015 503 5086 confirmatur
526 5019 689 5087 correctio
712 5042 812 5108 quam
833 5019 949 5086 versui
970 5017 1077 5106 primo
1100 5015 1311 5083 adhibuimus

398 5192 426 5261 1)
445 5191 561 5249 Nonnus
580 5193 693 5265 Dionys.
712 5195 738 5249 X
757 5195 810 5252 338
827 5197 932 5268 στέμμα
949 5193 1039 5249 πόθοι
1058 5191 1205 5264 νάρκισσον
1224 5189 1299 5246 dicit.
