4920 6264
1168 515 1420 588 ..12-

685 711 812 798 Πέμττο
834 715 905 797 σοί,
923 711 1127 800 Ῥοδόκλεια,
1149 718 1226 784 τόδε
1248 717 1381 804 στέφος,
1402 719 1523 786 ἄνθεσι
1546 725 1661 798 καλοῖς

771 817 871 895 αὐτὸς
891 818 947 905 ὑφ’
972 819 1146 906 ἡμετέραις
1166 821 1369 907 πλεξάμενος
1389 823 1565 908 παλάμαις.

684 923 754 986 ἔστι
775 925 895 1007 κρίνον
917 922 1018 1010 ροδέη
1039 947 1075 990 τε
1097 925 1200 1005 κάλυξ
1220 927 1340 1010 νοτερή
1361 925 1386 992 2²
1413 925 1567 1013 ἀνεμώνη

774 1023 829 1090 καὶ
850 1025 1031 1112 νάρκισσος
1052 1028 1156 1112 ὑγρὸς
1178 1025 1232 1094 καὶ
1254 1026 1441 1113 κυαναυγὲς
1464 1036 1526 1095 λον.

688 1139 791 1196 ταῦτα
813 1130 999 1216 στερομένη
1021 1132 1122 1216 λῆξαν
1144 1133 1352 1219 μεγάλαυχος
1375 1132 1493 1200 ἐοῦσα·

773 1233 891 1312 άνθεῖς
913 1234 967 1301 καὶ
990 1239 1102 1320 λήγεις
1124 1234 1178 1302 καὶ
1201 1239 1244 1302 σὺ
1266 1235 1321 1302 καὶ
1344 1238 1363 1303 ὁ
1385 1241 1559 1324 στεφανός.

438 1334 596 1424 adparet,
632 1360 673 1404 ex
702 1338 942 1426 epigrammate
974 1338 1033 1406 illo
1057 1340 1205 1407 auctoris
1228 1340 1349 1407 incerti
1371 1341 1528 1408 Rufinum
1550 1343 1750 1430 proiecisse3
1784 1368 1881 1434 quem
1915 1347 2017 1415 etiam
2049 1359 2156 1435 γαῦρα

435 1445 632 1528 φρονήματα
662 1442 699 1509 in
729 1442 823 1508 aliud
845 1465 978 1510 carmen
1001 1467 1097 1510 suum
1119 1445 1162 1510 A.
1186 1444 1223 1510 P.
1247 1445 1281 1513 V
1304 1446 1346 1510 27
1377 1445 1455 1512 inde
1486 1446 1680 1515 traduxisse
1712 1448 1871 1533 dicerem,
1904 1451 1970 1518 nisi
1993 1453 2157 1522 Kaibelus

435 1544 581 1614 Hermae
603 1551 629 1612 t.
643 1545 711 1614 XV
733 1547 842 1634 pass
864 1557 972 1633 γαῦρα
994 1549 1193 1634 φρυάγματα
1215 1572 1256 1616 ex
1278 1550 1321 1615 A.
1335 1549 1373 1616 P.
1387 1550 1460 1616 XII
1482 1550 1524 1617 33
1547 1557 1638 1620 recte
1661 1552 1709 1619 ibi
1732 1554 1951 1623 substituisse
1973 1556 2155 1624 videretur.

564 1651 730 1720 Vltimum
753 1651 897 1718 omnium
920 1651 1074 1738 syllogae
1097 1650 1273 1719 Parisinus
1296 1652 1575 1740 epigrammatum
1598 1657 1659 1724 hoc
1682 1663 1761 1724 ante
1778 1656 1972 1728 Crumerum
1993 1661 2156 1729 ineditum

435 1753 563 1841 legItur

686 1865 763 1928 Νῦν
786 1861 804 1927 ὁ
826 1861 927 1938 καλὸς
947 1861 1066 1926 θάλλει
1089 1863 1326 1946 Νικόστρατος,
1349 1863 1426 1929 ἀλλ’
1452 1862 1643 1949 άρύσασθε,

774 1969 820 2045 ὡς
841 1966 906 2034 dub
928 1969 1104 2054 κρηνίδος,
1136 1971 1267 2054 ψυχρὸν
1289 1969 1381 2052 ὕδωρ
1405 1965 1534 2051 θέρεος.

434 2072 594 2156 ιιρηντθος
615 2070 848 2158 corrigendum
870 2075 933 2137 est.
980 2070 1124 2138 debebat
1147 2071 1324 2138 Cramerus
1346 2071 1514 2151 indicare,
1547 2069 1608 2134 hos
1631 2090 1750 2134 versus
1772 2066 1806 2132 in
1830 2072 1978 2138 extremo
2001 2072 2082 2142 folio
2104 2075 2151 2142 in·

435 2173 511 2239 fimo
535 2173 678 2262 scriptos
702 2179 804 2262 atque
827 2173 971 2240 codicem
993 2175 1147 2240 mutilum
1170 2198 1254 2242 esse.
1299 2197 1432 2242 carmen
1446 2174 1556 2263 ipsum
1571 2171 1715 2239 medium
1731 2171 1958 2261 abrumpitur;
1981 2201 2059 2245 nem
2079 2188 2158 2270 post

435 2277 730 2365 comparationem,
754 2299 839 2366 quae
861 2299 962 2344 versu
984 2277 1109 2344 minore
1132 2278 1331 2360 continetur,
1357 2278 1568 2344 desideratur
1592 2276 1756 2343 obiectum
1778 2276 1823 2343 ad
1844 2276 2025 2365 ἀρύσατθε.
2070 2291 2155 2354 cete·

435 2403 510 2448 rum
531 2387 649 2449 auctor
670 2382 807 2450 videtur
827 2381 992 2468 Meleagri
1015 2404 1148 2450 carmen
1169 2383 1212 2448 A.
1236 2382 1273 2450 P.
1298 2381 1369 2448 XII
1393 2382 1455 2448 133
1477 2381 1631 2448 imitatus
1654 2402 1746 2461 esse,
1771 2379 1860 2468 quod
1882 2381 1933 2449 ita
1954 2382 2074 2473 incipit

689 2494 810 2566 Διψῶν
832 2486 874 2574 (I)
898 2488 944 2567 ὡς
966 2488 1109 2576 ἐφίλησα
1129 2486 1252 2575 θέρευς
1273 2487 1463 2574 ἁπαλόχροα
1486 2487 1599 2571 maida,

772 2589 848 2659 εἶτα
869 2593 933 2661 τότ’
958 2594 1131 2681 αὐχμηρὰν
1154 2595 1256 2671 δίψαν
1278 2591 1540 2678 ἀτονροφυγών.

1211 2765 1373 2773 --—.......

567 2900 608 2966 In
641 2900 756 2968 eadem
789 2899 991 2967 bibliotheca
1023 2900 1187 2967 nationali
1210 2900 1366 2968 Parisina
1400 2900 1602 2968 adservatur
1633 2899 1702 2965 alia
1723 2899 2000 2987 epigrammatum
2023 2897 2156 2987 sylloge

436 3026 536 3071 manu
560 3003 704 3092 scripta,
736 3025 821 3091 quae
844 3026 918 3068 cum
940 3002 1156 3072 Crameriana
1177 3004 1331 3090 iungitur
1353 3003 1550 3090 cognatione
1573 3003 1768 3092 propinqua.
1825 3003 1899 3069 dico
1932 3003 2077 3070 codicem
2098 3002 2156 3091 qui

436 3109 526 3175 inter
548 3130 688 3194 macces
711 3130 797 3174 nunc
821 3114 874 3175 est
897 3107 982 3175 1630
1005 3115 1040 3175 ct
1063 3108 1229 3197 qnondam
1250 3108 1318 3174 fuit
1333 3107 1429 3188 3502,
1453 3106 1670 3196 bombycinus
1687 3107 1821 3174 saeculo
1835 3105 1922 3174 XIV
1934 3106 2152 3195 conscriptus,

436 3212 575 3280 mirifica
598 3214 799 3303 scriptorum
821 3237 907 3303 quae
930 3214 1080 3280 continet
1102 3213 1197 3303 copia
1220 3219 1255 3280 et
1277 3212 1445 3280 varietate
1467 3211 1621 3298 insignis.

565 3317 700 3385 Minime
722 3319 912 3406 neglectum
935 3341 956 3385 a
977 3318 1061 3386 viris
1085 3318 1213 3400 doctis,
1237 3318 1335 3386 immo
1358 3316 1535 3384 inlustrem
1557 3315 1797 3405 quodammodo
1820 3313 1954 3382 atinde
1977 3338 1998 3382 a
2020 3314 2153 3382 Bandu-

436 3419 487 3485 rio
497 3421 520 3506 ¹)
544 3443 644 3510 saepe
664 3445 685 3488 a
707 3423 822 3488 multis
844 3429 1044 3510 usurpatum
1065 3423 1152 3490 hunc
1173 3423 1296 3490 librum
1319 3422 1479 3490 adscisco.
1512 3442 1609 3508 quem
1630 3419 1772 3487 maxime
1787 3419 2030 3486 Boissonadius
2054 3418 2153 3485 solito

438 3523 503 3590 sibi
524 3547 622 3606 more,
648 3524 725 3592 dum
748 3525 841 3593 edita
861 3549 927 3592 non
950 3550 1128 3616 numquam
1150 3526 1306 3615 plumbea
1328 3526 1471 3593 rimatur
1486 3548 1600 3592 eorum
1613 3523 1710 3590 modo
1733 3524 1791 3612 qui
1814 3545 1931 3590 aurum
1953 3523 2152 3610 adpetentes

436 3634 547 3696 terras
570 3629 713 3714 fodiunt,
737 3631 844 3718 magis
868 3632 1010 3720 carptim
1033 3632 1195 3720 spoliavit
1206 3654 1304 3719 quam
1315 3631 1381 3697 rite
1398 3629 1562 3697 exhausit.
1600 3634 1777 3716 postquam
1790 3628 1877 3695 enim
1890 3650 1963 3693 cum
1975 3627 2152 3716 allaquea-

436 3732 607 3800 demtum
630 3733 872 3822 epigrammata
895 3736 1036 3824 antiqua
1058 3735 1127 3802 tria
1159 3741 1239 3801 tunc
1267 3733 1397 3801 inedIta
1420 3757 1460 3800 ex
1481 3734 1544 3800 hoc
1565 3732 1677 3799 codice
1700 3732 1850 3799 delibata
1871 3731 2016 3819 protulit
2038 3754 2083 3798 an
2104 3730 2151 3798 di·

436 3859 509 3904 cam
531 3837 663 3903 abdidit
686 3861 724 3904 eo
745 3838 839 3920 loco,
868 3839 926 3905 ubi
948 3839 1034 3906 talia
1057 3839 1114 3906 vix
1136 3861 1298 3928 quaeras,
1332 3838 1376 3904 ad
1399 3836 1513 3904 Ovidii
1534 3837 1844 3924 metamorphoseon
1866 3835 2054 3902 versionem
2075 3834 2152 3901 Pla·

547 4057 574 4125 1)
594 4056 739 4112 Cramerus
759 4073 785 4126 p.
803 4059 855 4113 265
876 4057 973 4113 scribit
992 4058 1026 4113 de
1045 4059 1104 4114 cod.
1123 4059 1213 4126 suppl.
1234 4075 1258 4111 u.
1280 4061 1345 4112 352:
1374 4057 1536 4112 ‘consimilia
1561 4056 1644 4109 etiam
1668 4055 1751 4110 habet
1771 4055 1840 4110 Iibcr
1859 4071 1910 4109 ms.
1927 4071 1944 4108 a
1963 4056 2101 4112 BandurIo
2122 4059 2151 4110 iu

440 4144 552 4212 Antiqn.
572 4143 782 4214 Constantinop.
801 4148 870 4202 satis
896 4155 1025 4203 accurate
1052 4147 1189 4203 Iudicatur
1216 4152 1244 4201 et
1271 4147 1318 4214 qui
1343 4162 1397 4201 non
1414 4145 1538 4200 diversus
1564 4159 1624 4199 asse
1643 4143 1750 4198 videtur
1777 4159 1810 4197 ac
1829 4143 1887 4198 cod.
1908 4142 2010 4212 Regius
2031 4147 2113 4212 1630,
2139 4161 2154 4200 ε

437 4247 491 4299 quo
510 4233 643 4288 nonnulla
661 4233 737 4289 dedit
756 4251 779 4288 v.
790 4251 812 4288 ο.
824 4235 994 4291 Boissonade
1013 4237 1041 4290 iu
1054 4234 1201 4292 Inecdotis
1216 4234 1347 4289 Graecis’.
1384 4243 1413 4289 at
1432 4235 1484 4289 hoc
1502 4249 1566 4288 vern
1585 4233 1646 4287 lues
1665 4233 1731 4288 solis
1750 4233 1853 4287 clarius
1873 4241 1923 4300 est,
1942 4231 2062 4288 codicem
2083 4237 2152 4289 1630

436 4319 550 4373 eundem
575 4336 635 4374 esse
662 4338 723 4376 cum
748 4339 780 4377 co
800 4339 880 4390 quem
898 4323 1055 4380 Bandurius
1087 4325 1129 4379 vel
1158 4325 1252 4392 potius
1279 4323 1395 4378 Ioannes
1414 4322 1543 4377 Boiviuus
1567 4351 1594 4363 -
1629 4322 1652 4377 is
1682 4321 1753 4374 enim
1771 4320 1874 4376 codicIs
1894 4320 2105 4390 descriptionem
2123 4323 2152 4376 iu

437 4425 516 4464 usum
534 4407 668 4464 Bandnrii
687 4413 859 4480 consignarit
877 4443 913 4452 -
932 4413 996 4467 libri
1024 4413 1130 4468 laudati
1148 4422 1168 4467 t.
1188 4413 1215 4465 II
1233 4427 1260 4480 p.
1280 4414 1331 4466 876
1352 4427 1409 4478 sqq.
1429 4410 1574 4478 describit3
1602 4409 1776 4463 consentiunt
1806 4409 1913 4463 elenchi
1931 4409 1989 4463 illic
2007 4410 2153 4466 aBoiriuo

436 4501 464 4550 et
492 4496 522 4550 iu
549 4496 676 4565 catalogo
694 4498 760 4552 bibl.
780 4499 847 4568 Reg.
868 4507 887 4554 t.
906 4501 933 4554 11
959 4517 985 4568 p.
1005 4503 1057 4556 376
1077 4517 1135 4569 sqq.
1155 4517 1172 4554 n
1190 4499 1304 4553 Melloto
1332 4499 1408 4566 datI,
1436 4499 1573 4553 consentit
1601 4495 1673 4564 quod
1694 4495 1825 4551 BnivInus
1845 4506 2037 4554 commemorat
2054 4499 2154 4554 lectam

436 4583 483 4640 λθ
503 4585 727 4653 inscriptionem,
747 4601 817 4654 qnae
835 4586 915 4642 docet
934 4589 1035 4643 librum
1053 4591 1126 4644 huno
1145 4588 1297 4643 Galliarum
1317 4589 1376 4656 regi
1395 4588 1524 4642 donatum
1544 4601 1604 4640 esse
1622 4584 1658 4638 ab
1677 4586 1796 4639 Antonio
1814 4585 1962 4656 Epareho’,
1981 4605 2042 4643 cum
2062 4589 2152 4644 verbis

436 4689 470 4728 ex
489 4675 548 4729 cod.
570 4677 639 4730 1630
657 4691 674 4728 a
692 4690 735 4730 me
753 4677 873 4732 enotatis
891 4677 976 4748 κτῆμα
995 4677 1125 4732 duumuiro
1142 4678 1188 4731 roi
1206 4679 1341 4746 ἐπάρχου,
1360 4675 1374 4731 t
1393 4678 1491 4731 δέδωκε
1509 4675 1544 4728 rui
1562 4674 1680 4744 spurcari
1697 4677 1800 4742 βασιλεῖ
1817 4676 1921 4730 κελτῶν.
1969 4693 2057 4746 neque
2075 4677 2151 4733 dubi-

436 4763 514 4817 tabat
533 4763 567 4817 ds
585 4777 618 4818 ea
636 4779 667 4818 rc
685 4764 830 4821 Fabricius
849 4766 878 4820 iu
896 4767 1028 4822 biblioth.
1055 4783 1156 4836 graeca
1174 4767 1213 4822 XI
1233 4769 1285 4821 566
1304 4785 1363 4836 sqq.
1382 4767 1510 4822 editionis
1528 4765 1584 4833 1v,
1613 4765 1659 4818 ubi
1679 4779 1694 4818 a
1712 4763 1806 4819 codice
1824 4766 1885 4834 ipso
1903 4766 2052 4835 adponitur
2070 4765 2154 4821 index

436 4867 552 4920 graecus
570 4866 663 4907 eorum
682 4868 752 4921 quac
771 4854 878 4922 insunt,
907 4871 922 4910 ε
941 4855 1081 4911 Bandurio
1101 4857 1254 4925 suppletus.
1291 4855 1324 4910 de
1343 4858 1463 4912 Antonio
1482 4855 1612 4923 Eparcho
1632 4851 1800 4923 Corcyraeo,
1828 4854 1875 4921 qni
1894 4870 1954 4908 eum
1973 4856 2073 4910 librum
2091 4869 2154 4910 ren·

436 4940 506 4995 didit
524 4940 673 4997 Francisco
691 4942 706 4995 1
724 4940 866 4998 Gallorum
885 4946 952 5014 regi,
971 4945 1005 4999 ci.
1025 4945 1236 5000 Boissnuadium
1263 4945 1291 4999 in
1310 4947 1420 5000 Noricos
1439 4952 1465 4999 ιλ
1483 4946 1595 4998 sesain
1614 4944 1659 4997 des
1684 4946 1845 4998 manuscrits
1871 4944 1903 4996 ds
1928 4945 1955 4998 la
1980 4943 2153 5014 bibliotheque

435 5029 471 5084 dn
488 5031 534 5082 τοι·
550 5029 589 5083 ΧΙ
608 5033 633 5096 2,
653 5030 715 5097 266,
733 5038 762 5085 et
780 5032 938 5088 Harlesium
957 5032 991 5088 ud
1010 5033 1133 5088 Fabricii
1152 5035 1223 5090 Bibl.
1243 5051 1283 5104 gr.
1298 5035 1338 5090 XI
1356 5038 1409 5090 666
1427 5042 1484 5091 not.
1505 5033 1552 5088 kk.
1571 5033 1643 5088 idem
1661 5033 1768 5088 notarit
1786 5049 1819 5087 ea
1837 5047 1907 5101 quae
1926 5033 1974 5088 illo
1992 5041 2116 5102 tempore
2134 5047 2152 5088 a

433 5118 501 5174 viris
520 5117 609 5173 doctis
628 5133 662 5172 ex
681 5119 733 5174 hoc
752 5120 846 5176 codice
865 5121 939 5178 edita
957 5122 1075 5178 Inerant.
