4920 6264
1197 621 1455 694 --22-

457 823 652 891 Crumerum
673 844 706 911 p.
730 823 804 905 334,
827 822 871 888 22
893 843 967 888 curn
988 819 1098 888 indice
1121 821 1367 908 ἐξομολόγησις,
1389 821 1562 890 invenitur
1585 821 1620 888 in
1642 821 1673 888 B
1695 845 1727 910 p.
1752 822 1815 888 127
1837 821 1889 890 ita
1910 819 2094 908 inscripta:
2118 819 2187 900 ἐξο-

457 930 638 1013 μολόγησις
659 929 708 1005 εἰς
728 928 788 993 τὸν
809 927 947 1013 χριστὸν
968 927 1025 991 διὰ
1046 927 1281 1013 ἡρωελεγείων.
1325 937 1386 994 τοῦ
1407 925 1715 1012 γεωμέτρου).
1768 927 1828 992 sed
1849 927 1886 994 id
1908 949 1982 993 cum
2003 947 2106 992 unum
2126 947 2184 990 uu·

457 1054 549 1099 mero
580 1031 711 1116 ingenti
743 1030 944 1098 adversetur
975 1034 1011 1097 et
1041 1033 1220 1118 praeterea
1241 1029 1277 1096 in
1298 1029 1330 1095 B
1351 1030 1413 1097 hoc
1436 1051 1568 1098 carmen
1600 1036 1636 1097 et
1658 1031 1860 1098 antecedant
1882 1036 1917 1098 et
1940 1030 2187 1116 subsequantur

458 1158 544 1224 quae
566 1135 602 1202 in
624 1134 649 1203 S
673 1135 831 1224 dasiut[²)‚
853 1157 921 1202 non
944 1134 1030 1201 satis
1052 1134 1146 1202 valet
1168 1133 1213 1200 ad
1235 1134 1485 1202 convellendam
1507 1133 1776 1202 ratiocinationis
1798 1135 2053 1218 necessitatem
2086 1132 2186 1199 conli-

460 1239 605 1327 gendum
627 1239 714 1306 enim
738 1245 792 1307 est
814 1262 856 1306 ex
878 1239 927 1306 eis
949 1261 1035 1327 qnae
1059 1237 1180 1320 attuli,
1205 1238 1353 1305 carmina
1373 1237 1452 1319 illa,
1477 1238 1597 1326 quibus
1619 1238 1655 1304 in
1676 1237 1707 1304 B
1730 1239 1879 1306 auctoris
1900 1260 2019 1305 nomen
2041 1236 2187 1320 additur,

458 1344 593 1412 aliunde
615 1345 842 1432 transscripta
864 1367 955 1426 csse,
978 1365 1045 1410 non
1067 1365 1085 1410 e
1109 1343 1272 1410 communi
1294 1343 1388 1410 fonte
1411 1343 1561 1410 codicum
1585 1342 1655 1426 SB,
1679 1365 1764 1432 quae
1786 1343 1840 1410 his
1862 1344 1980 1432 utique
2003 1342 2123 1409 canuit.

588 1447 717 1516 Contra
738 1448 940 1535 florilegium
970 1448 1057 1514 illud
1079 1448 1121 1514 ab
1145 1446 1200 1514 SB
1222 1453 1423 1535 usurpatum
1452 1447 1627 1537 adscripta
1650 1447 1794 1535 singulis
1817 1448 2020 1516 carminibus
2042 1446 2189 1512 habebat

458 1552 618 1622 lemmata
632 1553 753 1644 quibua
776 1558 1034 1640 argumenta
1056 1552 1302 1619 indicabantur.
1348 1575 1388 1618 ea
1401 1552 1524 1620 codicis
1537 1552 1560 1620 S
1574 1552 1694 1633 scriba,
1717 1573 1838 1618 versus
1861 1551 1960 1620 finem
1983 1549 2095 1639 operis
2117 1550 2187 1616 lan·

460 1680 631 1745 guascens,
655 1659 993 1748 inpartepostrema‚
1017 1680 1102 1746 quae
1119 1656 1310 1723 vetustiora
1326 1656 1484 1738 continet,
1509 1663 1642 1724 tantum
1652 1680 1720 1724 non
1732 1656 1841 1724 omnia
1853 1656 1974 1738 omisit,
1998 1656 2028 1721 B
2051 1660 2187 1743 praeter

459 1763 663 1850 paucissima
686 1761 850 1852 quaedam
867 1760 1015 1828 fideliter
1036 1760 1226 1848 descripsit.
1270 1761 1433 1828 nonnulla
1452 1760 1642 1850 speciminis
1658 1761 1731 1828 loco
1744 1767 1853 1842 aucto,
1878 1760 1988 1828 omnia
2006 1781 2185 1846 congerere

459 1865 544 1931 nihil
566 1865 701 1933 attinet.
747 1867 792 1933 ad
814 1865 1019 1954 epigramma
1041 1864 1127 1930 illud
1143 1865 1233 1953 quod
1245 1887 1349 1953 supra
1364 1864 1533 1932 indicatur
1548 1889 1581 1931 n.
1594 1866 1624 1946 7,
1648 1865 1776 1951 legitur
1787 1863 1864 1950 περὶ
1876 1869 1996 1952 φίλων,
2020 1865 2096 1932 ad8
2110 1861 2186 1948 περὶ

458 1975 611 2056 φυλακῆς
631 1975 833 2058 μυστηρίων,
857 1970 901 2037 ad
917 1972 962 2037 Sa
983 1969 1059 2056 περὶ
1080 1979 1139 2054 τῆς
1160 1982 1228 2037 τῶν
1252 1972 1428 2055 παρόντων
1449 1973 1676 2054 ματαιότητος,
1699 1968 1743 2035 ad
1764 1969 1808 2036 8b
1831 1971 1879 2046 εἰς
1900 1971 1938 2034 τὸ
1961 1969 2053 2052 αὐτό,
2075 1967 2120 2034 ad
2142 1967 2184 2032 10

459 2074 535 2160 περὶ
557 2085 616 2160 τῆς
638 2078 686 2153 εἰς
706 2078 766 2141 τὸν
789 2073 1008 2161 ἀνθρώπινον
1029 2078 1107 2159 βίον
1124 2072 1294 2161 ιιαρ[άιιαν
1316 2073 1561 2163 aestimarit
1586 2074 1630 2140 ed
1644 2075 1684 2140 ll
1708 2073 1785 2159 ιτερὶ
1808 2072 1935 2158 ἀρετῆς,
1959 2071 2003 2139 ad
2023 2072 2064 2138 12
2083 2075 2132 2150 εἰς
2147 2074 2185 2139 τὸ

460 2181 553 2265 αὐτὸ,
576 2179 620 2247 ad
631 2180 674 2246 13
696 2182 780 2266 πρὸς
801 2183 881 2257 τοὺς
902 2182 1081 2266 κεχηνότας
1102 2178 1140 2245 ἐν
1162 2193 1233 2256 τοῖς
1254 2190 1410 2266 παροῦσι,
1433 2179 1477 2246 ad
1490 2181 1531 2246 16
1549 2183 1744 2265 παραίνεσις
1764 2180 1872 2261 κοινή,
1895 2175 1994 2242 ed18
2013 2179 2061 2254 εἰς
2079 2177 2187 2263 χωλὸν

462 2295 617 2368 σκῶμμα,
649 2283 693 2350 ad
715 2284 760 2348 24
781 2286 830 2360 εἰς
855 2286 935 2361 τοὺς
955 2283 1230 2368 βρενθυομόνους
1252 2285 1308 2349 διὰ
1329 2284 1458 2349 τούτων
1479 2295 1546 2350 τῶν
1569 2283 1689 2363 λέξεων
1711 2280 1767 2348 καὶ
1790 2292 2052 2367 σοφιστιῶντας,
2082 2279 2126 2346 ad
2146 2279 2189 2344 25

461 2390 510 2466 εἰς
530 2391 636 2475 ἔρωτα
659 2386 842 2472 δεδεμένον
865 2399 973 2472 πειρῶ
997 2386 1077 2471 (sic,
1101 2409 1162 2474 pro
1186 2387 1326 2476 πτερῷ),
1363 2387 1407 2453 ad
1430 2388 1472 2453 39
1495 2391 1543 2465 εἰς
1564 2389 1718 2474 ἄρχοντα.
1763 2385 1798 2451 in
1821 2385 1873 2450 his
1896 2407 1962 2450 non
1985 2391 2039 2450 est
2061 2382 2188 2470 conspi-

461 2514 523 2557 oua
545 2514 619 2558 cum
641 2491 754 2558 codice
771 2491 930 2558 Palatino
953 2491 1126 2557 consensio
1150 2514 1189 2558 ac
1212 2491 1386 2577 cognatio;
1410 2514 1487 2558 nam
1510 2496 1544 2557 et
1565 2490 1672 2556 multo
1695 2489 1827 2556 rariora
1849 2488 1879 2554 is
1902 2487 2005 2554 habet
2028 2484 2189 2552 eiusmodi

461 2595 620 2664 lemmata
640 2602 676 2664 et
694 2596 827 2664 omnino
841 2595 925 2664 haec
947 2603 1155 2682 argumenta,
1179 2594 1247 2662 nisi
1269 2595 1358 2663 forte
1382 2595 1593 2684 paucissimis
1616 2594 1816 2682 quibusdam
1838 2593 1997 2680 exceptis,
2020 2615 2086 2658 non
2110 2597 2189 2658 sunt

462 2722 504 2766 ex
526 2701 731 2789 antiquitate
756 2709 946 2790 propagata
957 2700 993 2789 ¹)
1037 2700 1198 2768 nonnulla
1214 2723 1255 2767 ex
1277 2700 1444 2766 lemmatis
1467 2698 1590 2766 codicis
1613 2699 1643 2764 B
1667 2698 1776 2764 obiter
1799 2703 1988 2782 congruunt
2010 2719 2083 2762 cum
2104 2695 2188 2762 indi·

463 2804 567 2885 cibus,
592 2828 675 2893 quos
688 2804 858 2873 Plauudes
882 2807 1160 2892 epigrammatum
1182 2804 1330 2871 catervis
1353 2803 1520 2891 praefixit.
1566 2803 1626 2869 sed
1649 2803 1786 2888 dignum
1807 2807 1928 2868 notatu
1951 2808 2013 2883 est,
2038 2801 2139 2868 etiam
2154 2801 2189 2866 in

462 2907 516 2974 his
531 2908 699 2976 lemmatis
712 2909 896 2995 vestigium
918 2909 1009 2976 cerni
1033 2909 1207 2998 amplioris
1219 2907 1445 2989 conlectionis,
1470 2931 1555 2996 quae
1577 2908 1643 2974 uisi
1667 2908 1783 2974 eadem
1804 2907 1881 2988 fuit,
1906 2929 2005 2995 qnam
2019 2906 2189 2973 Plauudes

465 3014 663 3101 usurpavit,
699 3020 791 3080 certe
815 3036 888 3079 cum
908 3012 972 3079 hac
993 3013 1114 3080 habuit
1136 3012 1367 3098 cognationem
1389 3013 1582 3099 proximam.
1638 3012 1681 3078 ad
1709 3036 1741 3078 n.
1766 3012 1806 3077 31
1838 3011 2045 3099 adscriptum
2068 3015 2122 3078 est
2143 3013 2190 3089 εἰς

680 3136 877 3148 ...α-...Ἦ

577 3213 604 3280 1)
624 3211 769 3267 Gramerua
789 3229 815 3282 p.
836 3216 887 3268 266
906 3215 1032 3282 scripsit:
1063 3218 1190 3283 ‘quatuor
1217 3220 1323 3269 tautum
1350 3215 1444 3270 omissi
1473 3223 1536 3270 suut
1554 3216 1646 3286 hymni
1665 3214 1745 3281 vulgo
1764 3213 1861 3268 loanni
1880 3211 2042 3266 Geometras
2062 3211 2188 3266 attributi

470 3299 517 3370 [of.
536 3300 629 3369 Magn.
649 3299 716 3356 bibl.
736 3309 789 3356 vet.
808 3311 881 3370 patr.
901 3311 920 3357 t.
939 3303 1003 3357 XIV
1021 3319 1048 3372 p.
1070 3307 1122 3358 439
1141 3303 1228 3374 sqq.],
1254 3305 1299 3372 qui
1319 3305 1346 3358 io
1366 3305 1459 3360 codice
1477 3305 1604 3372 poeticae
1623 3305 1686 3358 huic
1704 3303 1839 3371 farragini
1857 3300 1973 3372 praefixi
1992 3313 2068 3372 sunt3
2095 3303 2189 3358 forsan

464 3389 569 3443 atalia
587 3398 661 3458 sunt,
691 3407 761 3459 quae
785 3391 871 3446 eidem
897 3394 1004 3448 auctori
1030 3394 1167 3462 assignari
1186 3393 1320 3447 debcant'.
1357 3395 1409 3448 hoc
1428 3394 1513 3462 igitur
1538 3400 1612 3447 recte
1631 3393 1787 3460 suspicatos
1807 3401 1875 3448 erat.
1928 3393 2056 3447 Boiriuus
2082 3391 2188 3460 quidem

470 3478 544 3546 apud
565 3478 732 3533 Bandurium
753 3480 769 3533 Ι.
789 3496 812 3534 e.
832 3497 859 3549 p.
878 3484 928 3536 881
950 3483 1042 3538 nescio
1061 3499 1114 3551 quo
1133 3484 1193 3539 iure
1212 3494 1239 3540 et
1266 3485 1393 3556 hymnum
1412 3485 1440 3536 iu
1459 3483 1601 3552 deiparam
1620 3483 1666 3550 qui
1685 3483 1808 3550 seqnitur
1827 3491 1855 3536 et
1873 3485 1984 3551 saepius
2002 3498 2063 3538 cum
2077 3497 2190 3554 χαιριιι·

467 3569 549 3636 σμοῖς
569 3565 733 3620 Geometras
752 3568 903 3636 impressus
921 3579 964 3625 est
991 3570 1035 3638 (ef.
1054 3571 1177 3627 Fabricii
1197 3574 1267 3629 Bibl.
1287 3591 1328 3642 gr.
1346 3573 1411 3626 Vlil
1429 3575 1481 3626 626
1501 3572 1543 3626 ed.
1561 3571 1652 3639 Harl.)
1677 3571 1764 3624 eidem
1787 3569 1914 3638 adsignet
1941 3579 1968 3626 et
1987 3572 2133 3641 ‘poematia
2162 3576 2190 3624 et

470 3654 669 3722 epigrammata
682 3654 807 3709 XLVlll'
826 3672 896 3725 quae
914 3658 986 3712 huno
1004 3659 1145 3727 excipiunt
1163 3661 1238 3714 dicat
1255 3661 1375 3716 ‘loannis
1386 3659 1547 3713 Geometrae
1566 3666 1593 3711 et
1613 3659 1746 3713 aliornm’.
1783 3660 1830 3714 aed
1850 3661 2018 3714 canticorum
2037 3661 2191 3730 metaphra-

470 3757 515 3798 ses
537 3743 669 3798 iambicos
688 3743 742 3812 IX,
762 3762 832 3816 quae
850 3747 924 3815 apud
944 3748 1100 3802 Crumerum
1119 3751 1248 3818 leguntur
1267 3765 1284 3803 a
1304 3765 1330 3816 p.
1350 3751 1402 3802 362
1422 3748 1456 3801 ad
1475 3763 1502 3816 p.
1522 3750 1589 3814 366,
1608 3747 1767 3803 referendas
1785 3764 1846 3804 esse
1865 3748 1900 3802 ad
1920 3748 2101 3816 (leomarum,
2120 3749 2191 3806 scire

472 3834 617 3890 Cramerus
637 3845 748 3903 poterat
774 3852 807 3890 ex
826 3836 954 3890 Bandinii
983 3838 1110 3904 catalogo
1129 3837 1200 3890 Bibl.
1220 3835 1291 3891 hied.
1311 3837 1394 3889 Laur.
1412 3835 1475 3888 166
1495 3851 1567 3904 sqq,
1596 3835 1642 3888 nbi
1668 3837 1823 3904 descriptae
1851 3845 1915 3892 aunt
1941 3854 2033 3893 omnes
2057 3855 2090 3892 ex
2109 3839 2191 3894 Laur.

470 3924 539 3992 plut.
560 3923 585 3976 V
604 3925 664 3979 cod.
684 3929 717 3979 37
738 3943 763 3993 p.
785 3929 853 3980 3221
872 3941 940 3994 sqq,
960 3927 1006 3993 qui
1027 3942 1074 3980 eas
1094 3927 1205 3980 exhibet
1224 3943 1284 3980 cum
1303 3925 1391 3979 indice
1409 3925 1576 3996 μιιτίρριιτις
1594 3929 1647 3976 τοῖν
1666 3925 1745 3995 qidoir
1764 3925 1817 3978 dni
1836 3927 1927 3994 ρωνῆς
1943 3925 2076 3980 Ἰωάννου
2094 3929 2191 4000 γεωμέ-

468 4031 540 4082 τρου.
578 4013 688 4082 longum
714 4030 824 4070 carmen
843 4016 1006 4084 elegiacum,
1026 4015 1098 4083 quod
1118 4015 1263 4070 Oramerus
1282 4016 1366 4069 habet
1383 4031 1410 4083 p.
1429 4017 1481 4069 287
1501 4029 1558 4083 sqq.
1579 4013 1712 4082 incipiens
1731 4015 1803 4085 aspi
1821 4016 1908 4082 πόλις,
1928 4018 1951 4067 ιι·
1968 4019 2114 4079 πέπονθας,
2133 4031 2193 4070 cum

470 4103 593 4158 eiusdem
611 4103 694 4172 plane
711 4102 820 4158 farinae
839 4105 876 4159 sit
893 4119 927 4159 ac
944 4104 1104 4159 lamentatio
1123 4103 1173 4158 illa
1191 4103 1367 4170 Geometras,
1396 4103 1483 4158 cidem
1501 4101 1683 4158 versificatori
1701 4104 1819 4171 pessimo
1848 4104 2045 4159 restituendum
2071 4105 2192 4172 videtum

471 4191 537 4246 item
557 4192 655 4247 mutila
674 4193 797 4247 carmina
815 4209 842 4260 p.
861 4196 922 4259 614,
943 4195 977 4247 18
995 4201 1023 4246 et
1042 4209 1069 4261 p.
1088 4195 1148 4258 293,
1167 4195 1210 4259 24,
1232 4207 1302 4260 quae
1322 4207 1340 4246 a
1357 4193 1536 4260 pentametris
1555 4192 1698 4259 incipiunt,
1718 4199 1754 4257 et,
1773 4192 1801 4245 ni
1819 4191 1894 4248 tatlit
1911 4195 2080 4261 coniectura,
2099 4209 2192 4249 eorum

468 4295 539 4349 quae
558 4281 742 4336 subsecuntur
762 4289 837 4336 certe
856 4282 997 4349 pleraque.
1034 4281 1151 4336 loannes
1170 4279 1287 4350 denique
1306 4281 1369 4346 ilie,
1398 4281 1444 4347 qui
1469 4279 1584 4335 duorum
1610 4280 1810 4348 poematiorum
1828 4297 1855 4348 p.
1876 4283 1941 4348 316,
1961 4285 1978 4334 9
1996 4291 2025 4336 et
2045 4284 2078 4336 16
2097 4297 2127 4338 se
2146 4297 2192 4337 au·

473 4373 578 4422 ctorem
599 4368 761 4437 profitetur,
786 4385 803 4422 a
822 4368 970 4425 Geometra
987 4386 1042 4424 non
1061 4370 1185 4424 diversus
1204 4377 1256 4425 est.
1293 4384 1327 4423 ne
1346 4369 1444 4436 multa,
1464 4368 1549 4422 subiit
1568 4368 1716 4436 aliquando
1735 4369 1853 4423 animum
1872 4371 1980 4438 opinio,
2006 4373 2098 4426 omnia
2115 4378 2192 4440 quot·

470 4462 538 4525 quot
556 4457 715 4526 antiquiora
734 4457 899 4513 antecedunt
918 4459 1041 4514 carmina
1059 4458 1222 4514 Geometras
1241 4473 1315 4524 esse,
1341 4457 1455 4512 eundem
1482 4465 1568 4512 totam
1593 4457 1717 4528 syllogen
1741 4459 1935 4525 composuisse.
1978 4459 2027 4513 sed
2045 4460 2116 4514 hanc
2135 4475 2191 4514 ran

470 4560 544 4600 nunc
561 4544 591 4598 iu
607 4544 697 4602 medio
715 4546 849 4615 relinquo.
887 4547 997 4602 interim
1015 4561 1177 4616 persuasum
1196 4547 1285 4601 habeo
1303 4545 1426 4616 syllogen
1442 4545 1461 4599 S
1480 4561 1535 4599 non
1553 4546 1694 4601 continere
1713 4559 1782 4614 quae
1800 4544 1874 4600 intra
1892 4561 1964 4602 saec.
1982 4547 2009 4601 X
2027 4547 2193 4604 descendant

468 4633 655 4703 (Nicephorus
674 4649 738 4704 rex,
767 4635 802 4690 ad
821 4651 900 4704 quem
921 4637 1027 4706 scripta
1045 4643 1108 4692 sunt
1127 4637 1249 4690 carmina
1266 4651 1294 4703 p.
1313 4636 1374 4700 290,
1396 4637 1408 4686 1
1429 4641 1457 4688 et
1476 4649 1503 4702 p.
1522 4635 1583 4701 666,
1606 4638 1639 4703 1,
1658 4643 1701 4689 est
1718 4634 1892 4704 Nicephorua
1911 4635 2043 4705 Phocea),
2091 4636 2192 4692 oumB

468 4721 532 4778 aliia
551 4721 663 4778 aliunde
681 4722 811 4780 admixtis
830 4741 916 4793 usque
934 4724 970 4779 ad
987 4724 1138 4780 Plauudem
1157 4734 1185 4780 et
1204 4724 1334 4793 aequales
1352 4722 1478 4778 deducat.
1518 4723 1613 4792 itaque
1630 4721 1795 4793 florilegium
1812 4724 1897 4792 illud,
1925 4741 1979 4793 quo
1998 4725 2040 4780 SB
2059 4727 2103 4781 usi
2121 4733 2193 4794 sont,

468 4811 545 4866 circa
562 4810 702 4880 cephalae
723 4819 830 4882 tempus
849 4813 989 4868 conditum
1007 4828 1068 4869 esse
1086 4815 1196 4884 opinor.
1264 4849 1268 4857 ·

579 4897 609 4968 2)
626 4898 801 4956 Praetedunt
832 4901 1071 4957 commentariolus
1103 4903 1137 4956 de
1166 4901 1304 4957 aetatibus
1327 4901 1446 4956 hominis
1474 4899 1964 4973 (ct.Boissonadiiancod.1545),
1988 4903 2130 4974 catalogus
2150 4919 2194 4960 eo·

469 5003 530 5042 rum
547 4988 596 5057 qui
613 4987 643 5042 iu
662 5004 769 5058 quaque
788 4997 849 5045 arte
866 4989 1046 5045 excellueriut
1063 4988 1109 5059 (cf.
1122 4990 1245 5045 Orameri
1260 4987 1470 5045 Aueed.(lx.IV
1480 4991 1532 5044 266
1548 4990 1610 5058 sq),
1629 4990 1753 5059 sequitur
1769 4991 1885 5061 hymnus
1903 4992 1932 5046 in
1949 4991 2091 5062 deiparam
2109 5009 2195 5062 supra

468 5085 704 5134 commemoratus.
741 5081 899 5148 ceteroquin
917 5097 943 5135 ι.
958 5079 1128 5134 Bandurium
1146 5095 1173 5147 p.
1192 5083 1246 5135 886
1264 5095 1304 5148 sq.

579 5166 609 5236 8)
627 5165 669 5222 De
688 5167 865 5238 anthologiae
883 5168 1028 5226 Palatinae
1046 5169 1214 5236 argumentis
1233 5167 1268 5224 cf.
1286 5168 1441 5224 Fimlernm
1460 5167 1479 5222 l.
1498 5181 1521 5221 c.
1540 5183 1567 5236 p.
1588 5169 1638 5222 167
1657 5181 1697 5234 aq.
1745 5168 1879 5236 quaedam
1902 5184 1996 5226 eorum
2023 5172 2195 5230 christianis·

467 5269 541 5312 tncm
558 5269 625 5324 prae
643 5271 673 5312 se
690 5254 792 5314 terunt.
