4920 6264
640 939 1025 1035 ACADEMIAE
1066 936 1414 1034 GEORGIAE
1454 937 1801 1036 AUGUSTAE

1031 1107 1401 1230 rucanorou

621 1358 1827 1492 ALBERTUSIUTSCHL

929 1633 1092 1706 CUM
1146 1633 1491 1705 SENATU.

492 2056 531 2124 F.
548 2057 589 2125 G.
607 2057 889 2148 Schneidewinus
903 2059 956 2126 vir
979 2060 1195 2140 clarissimus,
1220 2067 1255 2126 et
1276 2061 1352 2126 huic
1376 2061 1515 2126 maximo
1538 2061 1756 2128 universitati
1779 2069 1926 2144 nostrae,
1951 2063 1985 2128 in
2008 2087 2077 2152 qua

359 2161 563 2247 professoris
586 2187 706 2229 munus
730 2169 810 2230 ante
832 2164 893 2230 hos
918 2187 1022 2230 annos
1045 2163 1074 2228 L
1099 2170 1305 2250 susceptum,
1340 2165 1415 2230 dum
1439 2165 1513 2230 fata
1537 2165 1707 2244 sinebant,
1740 2165 1875 2252 egregie
1899 2167 2070 2248 sustinuit,

359 2263 414 2350 pie
438 2265 611 2332 colendum
633 2289 767 2348 nomen,
803 2266 991 2334 rectissimo
1022 2267 1145 2334 iudicio
1176 2269 1304 2334 monuit
1334 2273 1368 2334 et
1400 2268 1549 2356 exemplo
1572 2269 1744 2336 luculento
1767 2269 1801 2335 in
1824 2276 2072 2356 programmate

361 2368 548 2436 academico
566 2367 751 2457 Gottingae
775 2395 805 2438 a.
818 2370 1034 2438 MDCCCLV
1053 2372 1174 2439 emisso
1197 2372 1450 2454 demonstravit,
1476 2397 1595 2440 novam
1619 2374 1834 2458 anthologiae
1858 2372 2076 2460 epigramma·

360 2476 433 2538 tum
456 2495 596 2559 graecae
621 2473 800 2541 editionem
822 2476 879 2563 qui
902 2483 980 2563 post
1002 2477 1191 2544 Iaoobsium
1213 2476 1396 2563 parandam
1417 2476 1612 2564 susciperet,
1638 2477 1668 2542 ei
1691 2477 1780 2544 haud
1803 2476 2079 2565 acquiescendum

362 2599 437 2644 esse
469 2577 505 2643 iu
538 2577 649 2645 codice
672 2578 830 2646 Palatino
861 2582 1054 2670 usurpando
1089 2588 1124 2647 et
1156 2581 1376 2662 emendando,
1413 2581 1472 2648 sed
1494 2582 1772 2668 pervestigandos
1796 2582 2074 2650 bibliothecarum

361 2680 542 2750 thesauros
565 2706 649 2766 csse,
675 2684 812 2773 siquae
835 2685 883 2751 ibi
906 2686 1049 2752 minores
1074 2687 1350 2773 epigrammatum
1374 2685 1528 2772 syllegae
1550 2708 1650 2752 manu
1674 2686 1830 2775 scriptae,
1855 2709 1941 2774 quae
1964 2712 1985 2755 a
2000 2687 2077 2756 Pla·

360 2787 460 2854 nudis
485 2810 583 2876 opere
605 2810 672 2856 non
694 2790 894 2876 penderent,
924 2791 1165 2859 invenirentur.
1219 2792 1273 2858 cui
1305 2789 1471 2857 desiderio
1494 2790 1642 2858 Parisini
1673 2792 1887 2878 anthologiae
1919 2792 2076 2878 editores,

361 2889 443 2958 licet
464 2892 549 2959 utile
572 2893 607 2960 in
629 2916 831 2961 communem
853 2917 947 2961 usum
973 2901 1007 2962 et
1031 2901 1203 2984 acceptum
1226 2918 1309 2982 opus
1332 2897 1538 2983 paraverint,
1562 2896 1652 2963 haud
1676 2896 1935 2964 satisfecerunt.
1981 2897 2078 2966 Bois·

362 2997 522 3064 sonadius
545 2998 633 3064 enim
655 2999 920 3089 Duebnerusque
951 3014 985 3067 et
1008 3001 1066 3089 qui
1089 3025 1223 3089 operam
1245 3000 1460 3068 Boissonadii
1483 3008 1518 3067 et
1540 3000 1712 3067 Duebneri
1734 3001 1829 3068 obitu
1851 3002 2077 3092 interruptam

361 3100 577 3187 perfecerunt
598 3102 773 3172 Parisinae
795 3103 1018 3172 bibliothecae
1042 3105 1160 3193 opibus
1188 3129 1254 3172 non
1277 3105 1407 3172 omnino
1429 3105 1594 3192 neglectis
1616 3105 1776 3172 lectiones
1800 3105 1933 3194 quidem
1955 3107 2080 3176 multus

363 3205 498 3272 evariis
510 3206 679 3275 codicibus
691 3208 856 3276 Parisinis
879 3215 1053 3298 excerptas
1075 3211 1166 3277 notis
1188 3199 1367 3293 variorum,
1392 3233 1477 3298 quae
1500 3209 1644 3296 singulis
1666 3211 1880 3298 anthologiae
1901 3211 1998 3278 libris
2022 3212 2078 3279 ad·

361 3307 494 3377 iunctae
518 3319 614 3393 sunt,
637 3313 929 3401 interposuerunt3
954 3314 1091 3382 sedvel
1113 3316 1195 3382 haec
1218 3315 1370 3382 subsidia
1393 3314 1586 3382 adsciscunt
1608 3315 1720 3382 studio
1742 3315 1967 3399 inconstanti,
1992 3337 2078 3404 quae

363 3412 410 3478 sit
431 3414 521 3481 ratio
544 3421 580 3483 et
602 3418 788 3485 auctoritas
810 3419 967 3502 codicum,
992 3443 1130 3509 quorum
1154 3421 1252 3506 sigla,
1273 3443 1340 3486 non
1354 3420 1476 3507 ubique
1489 3419 1575 3485 satis
1591 3424 1745 3486 accurate
1757 3419 1921 3502 adhibita,
1943 3419 2079 3486 hicillic

361 3525 554 3605 conparent,
580 3520 698 3588 deinde
712 3523 814 3608 longa
829 3547 890 3612 per
908 3524 1020 3612 spatia
1035 3525 1166 3591 frustra
1181 3529 1396 3612 quaeruntur,
1420 3523 1553 3589 minime
1575 3523 1788 3611 perspicitur,
1813 3523 2000 3612 scripturae
2021 3521 2079 3590 vel

362 3622 507 3709 optimae
531 3625 573 3691 ab
596 3625 680 3712 ipsis
704 3626 889 3695 editoribus
913 3629 1090 3717 despectae
1114 3629 1226 3696 iacent
1247 3629 1283 3694 in
1305 3628 1366 3695 illa
1390 3629 1544 3715 congerie
1565 3627 1705 3695 inutiles
1730 3635 1763 3695 et
1786 3651 1892 3716 paene
1916 3631 2076 3698 occultae.

493 3726 706 3797 Gravissima
728 3755 809 3799 vero
829 3740 966 3820 praeter
988 3733 1180 3801 Palatinam
1204 3740 1239 3800 et
1261 3733 1467 3800 Planudeam
1497 3732 1726 3819 anthologiam
1758 3733 1890 3821 sylloge
1914 3735 2077 3822 epigram·

361 3836 488 3896 matum
509 3831 572 3899 illa
594 3840 648 3900 est
670 3840 714 3918 et,
740 3837 882 3904 sirecte
905 3862 1071 3925 auguror,
1104 3839 1269 3921 manebit,
1301 3862 1400 3926 quam
1423 3861 1487 3903 non
1520 3838 1585 3904 nisi
1620 3845 1780 3926 exparte
1804 3837 2076 3906 Schneidewinus

360 3934 487 4021 publici
509 3936 592 4002 iuris
615 3939 696 4006 fecit
719 3941 753 4006 in
776 3942 890 4008 libello
914 3966 1016 4030 supra
1038 3942 1195 4025 indicato,
1220 3966 1322 4031 opera
1345 3943 1477 4032 quidem
1501 3942 1656 4027 diligenti
1680 3949 1715 4009 et
1737 3943 1893 4030 perutili,
1928 3943 1987 4009 sed
2009 3945 2075 4010 for-

361 4041 445 4104 tuna
462 4040 615 4126 adversa,
640 4047 796 4133 quoniam
818 4069 857 4112 ex
875 4048 986 4114 tribus
1003 4072 1085 4137 quos
1099 4049 1250 4136 equidem
1266 4048 1406 4134 cognovi
1422 4047 1521 4112 huius
1538 4045 1753 4112 conlectionis
1776 4046 1945 4113 codicibus
1968 4047 1998 4112 is
2020 4070 2076 4135 po·

360 4140 529 4210 tissimum
550 4146 683 4214 oblatus
696 4151 728 4215 ei
745 4151 866 4232 fuerat,
892 4152 949 4239 qui
966 4160 1001 4217 et
1012 4160 1143 4240 partem
1158 4158 1292 4219 tantum
1305 4152 1412 4218 totius
1428 4174 1568 4217 coronae
1593 4150 1743 4217 eontinet
1759 4159 1794 4217 et
1808 4150 1998 4240 descriptus
2022 4157 2075 4218 est

361 4266 402 4311 ex
425 4248 491 4314 alio
513 4249 548 4316 in
572 4252 686 4318 eadem
708 4253 911 4321 bibliotheca
934 4257 1076 4337 condito,
1101 4257 1158 4345 qui
1181 4256 1468 4323 Schneidewinum
1490 4255 1645 4340 fugerat,
1670 4255 1711 4320 de
1734 4255 1836 4320 tertio
1860 4261 1974 4321 autem
1995 4277 2077 4322 usus

362 4355 416 4415 est
437 4352 580 4420 hominis
603 4357 815 4444 neglegentis
839 4366 874 4426 et
896 4361 1043 4448 imperiti
1066 4362 1259 4428 testimonio
1283 4361 1407 4427 fallaci.
1453 4360 1541 4448 quod
1564 4383 1637 4425 cum
1659 4359 1739 4424 mihi
1762 4365 1841 4426 ante
1865 4359 1995 4448 aliquos
2019 4384 2078 4427 an·

362 4475 423 4520 nos
445 4453 639 4526 Florentiae
663 4467 698 4526 et
720 4461 863 4529 Parisiis
886 4464 1021 4550 degenti
1046 4471 1081 4531 et
1104 4467 1380 4553 epigrammatum
1402 4464 1506 4530 libros
1529 4487 1629 4530 manu
1656 4463 1799 4551 scriptos
1822 4465 1983 4552 plurimos
2006 4488 2079 4532 ver-

362 4560 453 4624 santi
476 4562 697 4646 constitisset,
722 4566 851 4634 codioes
874 4570 970 4636 ambo
993 4569 1092 4635 unius
1114 4568 1246 4636 librarii
1267 4593 1367 4636 manu
1398 4593 1438 4634 ex
1462 4568 1576 4634 eodem
1607 4567 1789 4656 exemplari
1819 4569 2005 4657 descriptos
2029 4569 2076 4636 di·

359 4657 507 4746 ligenter
529 4669 670 4735 excussi.
717 4675 818 4758 atque
841 4696 932 4740 eram
953 4675 1016 4742 hac
1040 4674 1155 4741 oblata
1179 4673 1350 4740 occasione
1369 4672 1583 4758 anthologiae
1600 4672 1693 4738 illius
1705 4673 1890 4760 Euphemio
1902 4674 2076 4744 dedicatae

359 4761 426 4831 iarn
448 4791 534 4836 nunc
556 4771 714 4841 notitiem
735 4776 868 4862 plenam
891 4779 1043 4846 editurus
1067 4779 1290 4846 strationem
1318 4800 1404 4867 quae
1436 4775 1467 4843 ei
1494 4782 1547 4842 est
1577 4799 1648 4842 cum
1672 4775 1867 4863 corporibus
1890 4777 1988 4864 longe
2012 4803 2077 4846 am·

359 4869 523 4956 plioribus
537 4874 696 4946 Palatino
719 4879 941 4949 et'Planudeo
963 4884 1217 4966 inlustratums,
1243 4906 1315 4950 eum
1339 4904 1413 4947 sero
1436 4880 1683 4966 intellegebam,
1709 4881 1855 4967 spatium
1878 4881 1968 4950 hisee
1993 4906 2077 4951 com·

360 4978 622 5049 mentationibus
646 5006 837 5052 conoessum
859 4987 949 5054 haud
972 4989 1125 5056 sufficere
1148 4987 1179 5054 ei
1201 4986 1362 5054 materiae
1385 4990 1476 5053 recte
1501 4983 1736 5051 absolvendae.

489 5082 575 5150 Eam
598 5087 762 5175 syllogen,
786 5096 826 5156 ut
848 5115 934 5158 nunc
958 5097 1020 5174 est,
1045 5091 1169 5180 excipit
1191 5089 1359 5176 dignitate
1382 5089 1460 5171 illa,
1494 5111 1592 5176 quam
1614 5085 1792 5154 Gramerus
1815 5087 1851 5154 in
1872 5089 2071 5160 Ancedoton

361 5179 591 5256 Parisinorum
617 5196 785 5262 volumine
815 5202 935 5286 quarto
966 5197 1157 5283 evulgavit,
1197 5219 1270 5263 oum
1300 5193 1500 5262 lectionibus
1531 5192 1729 5281 quibusdam
1752 5192 1849 5260 honis
1872 5197 2077 5265 commenda·

1747 5307 1791 5373 1*
