4920 6264
1194 629 1448 701 ..24-

441 859 503 926 pro
527 829 662 916 ποθητό
683 841 777 906 recte
800 832 926 900 dictum
949 831 1003 894 est
1024 851 1063 896 eo
1086 850 1151 894 usn
1184 829 1243 917 qni
1265 852 1339 896 cum
1361 829 1447 898 alias
1469 855 1536 898 non
1558 854 1723 921 nusquam
1744 839 1816 899 tum
1838 835 1928 922 apud
1949 835 2106 904 Nonnum
2126 839 2176 906 in·

441 941 579 1009 venitur
590 939 736 1029 Dionys.
749 935 884 1006 XLVII
900 934 963 1002 332
988 930 1150 1019 ἐγρομένη
1173 931 1208 998 δ’
1233 934 1294 1020 οὐχ
1317 929 1420 1021 εὗρον
1442 934 1523 1020 έμὸν
1545 939 1667 1021 πόθον,
1689 937 1798 1004 minus
1820 945 1932 1006 tamen
1955 940 2109 1028 adposite
2131 943 2176 1010 ad

441 1051 561 1134 poetae
585 1067 729 1113 sensum.
775 1042 843 1110 iam
865 1042 975 1118 πόθος
997 1038 1188 1106 cromatius
1211 1046 1373 1108 consonat
1403 1063 1477 1108 cnm
1499 1063 1580 1110 voce
1603 1064 1688 1131 quae
1710 1043 1747 1109 in
1769 1067 1796 1111 o.
1821 1045 1885 1112 359
1916 1068 2032 1134 parem
2064 1047 2175 1116 sedem

441 1150 545 1218 habet
567 1149 667 1216 τέκνα
689 1152 859 1225 πόνος-
880 1143 932 1212 ita
954 1143 1041 1210 enim
1064 1165 1139 1209 cum
1159 1143 1190 1209 B
1214 1145 1425 1212 scribendum
1446 1184 1499 1228 -‚
1523 1153 1561 1214 at
1582 1147 1781 1216 vocabulum
1803 1150 1892 1238 quod
1914 1156 1967 1218 est
1989 1151 2076 1238 φάος
2097 1151 2175 1221 olim

442 1278 517 1322 cum
540 1253 607 1321 alic
630 1275 697 1320 non
719 1252 829 1318 minus
852 1254 1007 1316 scemate
1031 1247 1193 1330 concinit,
1225 1248 1325 1315 τέκνα
1348 1254 1505 1336 φόβος,
1537 1257 1573 1318 et
1603 1251 1654 1320 ita
1683 1253 1812 1339 legitur
1834 1253 1869 1320 in
1892 1255 1963 1322 cod.
1986 1255 2064 1324 Par.
2089 1255 2171 1325 1191

444 1359 501 1445 (ci.
515 1381 618 1446 supra
630 1377 663 1446 p.
675 1357 717 1422 ‘23
729 1361 799 1422 not.
811 1354 855 1441 l),
879 1353 937 1441 qui
951 1353 987 1418 in
998 1351 1172 1440 Posidippi
1195 1352 1350 1420 versibus
1369 1360 1404 1421 et
1425 1355 1498 1442 ipse
1510 1355 1612 1424 babet
1622 1356 1722 1424 τέκνα
1744 1359 1841 1444 φάος,
1863 1363 1899 1426 et
1918 1365 1988 1426 tam
2003 1361 2065 1428 hoo
2077 1383 2175 1449 quam

443 1462 531 1530 illud
566 1461 705 1548 gravius
738 1465 774 1527 et
807 1457 983 1525 nervosius
1016 1455 1142 1522 dictum
1175 1478 1249 1523 esse
1283 1457 1394 1546 quivis
1426 1459 1526 1526 facile
1557 1461 1680 1546 sentit;
1718 1463 1828 1528 minus
1850 1463 1944 1530 valet
1966 1463 2011 1531 ad
2031 1465 2173 1553 proban·

443 1569 521 1635 dum
557 1565 646 1656 quod
679 1563 846 1631 Iulianum
868 1561 1077 1649 Aegyptium
1099 1560 1143 1626 A.
1167 1559 1204 1626 P.
1228 1560 1282 1627 IX
1302 1561 1377 1644 446,
1401 1563 1422 1627 ὅ
1446 1585 1494 1652 εη.
1518 1585 1592 1630 cum
1614 1565 1676 1632 illa
1709 1566 1758 1633 sio
1792 1565 2044 1636 cncumscnbat
2076 1569 2174 1657 ἕρκος

443 1663 569 1759 ἐτύχθη
589 1671 593 1757 λ
614 1668 714 1756 πατρὶ
735 1667 848 1752 τέκος,
882 1667 1032 1754 φροῦδος
1063 1678 1135 1742 τοῖς
1166 1666 1319 1749 ἀγόνοισι
1352 1669 1477 1752 φόβος,
1511 1673 1546 1734 et
1577 1672 1685 1755 φόβος
1715 1674 1751 1736 et
1789 1671 1876 1757 φάος
1907 1670 2033 1757 legisse
2066 1679 2172 1761 patet.

442 1800 475 1842 v.
498 1777 519 1843 8
542 1776 572 1842 Β
594 1775 698 1842 habet
720 1772 834 1840 πολιαλ
857 1773 893 1838 δ’
920 1771 961 1850 ἐς
982 1773 1092 1838 νόον
1114 1769 1272 1856 εὐφυέες,
1306 1775 1397 1838 certe
1420 1771 1534 1858 aptius
1557 1795 1656 1860 quam
1687 1772 1776 1861 quod
1797 1774 1900 1860 vulgo
1923 1776 2036 1843 editor
2058 1777 2171 1844 πολιαὶ

443 1881 477 1947 δ’
503 1884 646 1965 ἔμπαλιν
669 1877 831 1962 εὐσεβέος,
853 1900 892 1944 ao
914 1876 1001 1963 legit
1022 1874 1109 1941 illud
1130 1873 1233 1941 etiam
1254 1874 1406 1942 lulianus
1429 1877 1498 1942 u?
1521 1879 1621 1961 πολιῇ
1644 1875 1770 1964 φρένας
1791 1873 1884 1945 oldas
1907 1879 2060 1946 ὀπόσσαι.
2114 1879 2170 1946 ad·

440 1985 573 2052 versari
595 1982 728 2074 quidem
750 1981 887 2048 videtur
909 1979 1079 2067 exemplar
1099 1979 1276 2067 Posidippi
1296 2003 1329 2045 v.
1352 1981 1374 2046 8
1405 1983 1443 2046 αῖ
1462 1980 1576 2048 πολιαὶ
1598 1981 1634 2047 δ’
1659 1985 1802 2067 ἔμπαλιν
1824 1981 2002 2069 ἀδρανέες,
2034 1983 2094 2051 sed
2116 1983 2171 2052 isc

442 2112 517 2158 enm
539 2087 715 2176 scripsisse
738 2087 776 2151 αῖ
795 2084 908 2151 πολιαὶ
932 2084 967 2150 δ’
993 2082 1036 2162 ἐς
1059 2087 1201 2150 πόνον
1222 2083 1391 2169 ἀδρανέες,
1414 2084 1546 2152 ethaeo
1572 2108 1702 2173 quoque
1726 2093 1910 2154 consonant
1930 2089 2090 2175 perfecte.
2114 2088 2171 2158 do·

442 2194 525 2260 sinit
547 2213 679 2259 carmen
691 2189 890 2275 v.10vulgo
913 2189 1021 2255 πάντα
1042 2189 1107 2274 γὰρ
1130 2187 1235 2253 ἐσθλὰ
1257 2192 1330 2278 βέφ,
1353 2188 1428 2254 inB
1445 2212 1525 2256 vero
1537 2190 1588 2257 ita
1610 2190 1792 2278 πάνταγὰρ
1812 2193 1948 2258 εὕδιό
1970 2211 2018 2260 σο
2029 2219 2052 2278 ι,
2075 2215 2169 2280 egre·

442 2297 514 2383 gie3
550 2295 591 2362 cf.
616 2293 785 2360 Theocrit.
808 2293 913 2358 XXII
936 2293 979 2358 22
1002 2293 1042 2358 τὰ
1064 2293 1148 2378 πρὸς
1170 2293 1277 2358 πλόον
1299 2293 1394 2358 εὔδια
1416 2293 1533 2359 πάντα.
1586 2293 1622 2359 in
1644 2293 1818 2384 Posidippi
1849 2297 2017 2384 poematio
2040 2298 2169 2365 clausu-

441 2402 509 2468 lam
540 2399 779 2487 interpolatam
810 2397 924 2486 prodit
956 2397 1127 2463 dissensus
1160 2395 1217 2483 qui
1248 2402 1302 2463 est
1332 2397 1421 2463 inter
1452 2398 1621 2486 exemplar
1652 2405 1688 2465 et
1717 2399 1891 2488 parodiam
1912 2424 1978 2468 non
2000 2402 2168 2470 ferendus.

443 2528 515 2572 cum
538 2505 625 2572 enim
648 2503 839 2594 ceteroquin
863 2502 972 2570 oratio
995 2499 1202 2569 articulatim
1225 2507 1409 2590 exaequata
1432 2502 1487 2584 sit,
1511 2503 1545 2568 in
1562 2505 1721 2573 extremis
1736 2505 1938 2573 carminibus
1961 2529 2003 2574 ex
2024 2507 2169 2576 editione

431 2611 623 2678 'novissima
647 2609 711 2676 sibi
734 2608 816 2676 haec
838 2606 1043 2696 respondent

692 2714 735 2798 ἢν
757 2715 822 2799 ἄρα
844 2725 918 2779 τοῖν
941 2713 1073 2780 δισσοῖν
1096 2709 1172 2788 ἐνὸς
1193 2711 1337 2798 αἵρεσις·
1357 2711 1381 2796 'd
1403 2714 1441 2778 τὸ
1463 2711 1624 2795 γενέσθαι

779 2815 947 2900 μηδέποτ’,
969 2816 990 2900 ἢ
1012 2819 1051 2881 τὸ
1073 2822 1195 2882 θανεῖν
1217 2816 1378 2882 αὐτίκα
1399 2819 1688 2900 γιγνόμενον.

696 3007 760 3071 οὐκ
782 3003 847 3091 ἀρὰ
868 3015 936 3070 τῶν
959 3005 1086 3070 δισσῶν
1108 3002 1183 3081 ἐνὸς
1204 3005 1345 3090 αἵρεσις·
1379 3005 1400 3089 ἣ
1421 3007 1460 3070 τὸ
1483 3004 1641 3088 γενέσθαι

781 3107 935 3194 μηδέποτ’
961 3107 981 3192 ἢ
1004 3108 1042 3174 οδ
1064 3114 1202 3174 θανεῖν·
1226 3109 1368 3175 πάντα
1390 3109 1473 3196 γὰρ
1496 3108 1636 3176 έσθλδι
1658 3115 1748 3202 βίῳ.

443 3216 579 3282 dubium
601 3214 682 3282 mibi
704 3236 770 3280 non
793 3219 854 3295 est,
879 3213 958 3303 quin
980 3210 1155 3300 Posidippi.
1177 3213 1279 3280 etiam
1302 3235 1434 3280 carmen
1456 3213 1534 3280 olim
1553 3215 1742 3282 conclusum
1760 3217 1864 3284 fuerit
1886 3218 2055 3286 sententia
2071 3219 2167 3288 brevi

443 3343 603 3389 summam
624 3319 731 3387 totius
754 3318 907 3405 graviter
929 3317 1244 3406 comprehendente,
1276 3341 1374 3408 quam
1396 3317 1609 3386 Metrodorus
1641 3320 1756 3388 eodem
1778 3322 1873 3388 modo
1896 3345 1960 3412 quo
1984 3329 2097 3390 cetere
2117 3322 2166 3390 in·

440 3424 595 3492 verterit.
640 3423 756 3514 itaque
775 3446 841 3490 non
856 3423 1035 3509 genuinam
1046 3423 1178 3512 quidem
1202 3424 1394 3508 clausrdam,
1418 3432 1455 3492 at
1477 3426 1641 3510 genuinae
1664 3427 1806 3494 similem
1829 3428 1981 3496 servavit
2004 3428 2075 3496 cod.
2086 3427 2164 3498 Par.

693 3630 846 3717 μηδέποτ’
872 3633 1077 3717 ῇποθανεῖν·
1108 3635 1246 3698 τᾶλλα
1267 3635 1348 3718 γὰρ
1368 3633 1511 3700 πάντα
1532 3632 1681 3717 γέλως.

442 3739 612 3828 exquibus
624 3737 736 3805 nescio
747 3760 790 3804 an
801 3735 860 3803 alii
869 3735 1010 3823 parodia
1019 3735 1204 3803 Metrodori
1222 3737 1330 3802 adiuti
1346 3743 1466 3824 poetae
1481 3759 1614 3804 manum
1630 3736 1823 3804 restituturi
1846 3737 1915 3804 sint
1928 3739 1961 3826 ¹).
2005 3746 2045 3806 ut
2067 3739 2166 3808 simul

443 3844 645 3931 complectar
667 3865 750 3930 quas
768 3841 798 3906 B
821 3841 858 3907 in
880 3839 1001 3907 ceteris
1025 3839 1269 3927 discrepantias
1292 3840 1467 3926 graviores
1489 3841 1609 3906 habet:
1632 3842 1703 3906 v.4
1725 3841 1887 3930 scriptum
1909 3849 1963 3910 est
1985 3843 2022 3910 ἐν
2045 3843 2083 3912 δὲ
2103 3851 2165 3912 θα-

442 3950 549 4035 λάσση
569 3947 574 4034 l
593 3940 747 4031 θοῖόμαέ,
770 3969 837 4012 non
853 3944 976 4032 inepte,
1001 3944 1061 4010 sed
1083 3944 1201 4010 melius
1224 3945 1324 4030 volgo
1346 3944 1475 4032 κέρδος,
1499 3945 1588 4033 quod
1609 3945 1695 4030 legit
1717 3944 1991 4029 etiamlulianus‚
2016 3949 2074 4036 qui
2095 3974 2127 4016 v.
2144 3951 2164 4016 3

443 4053 563 4138 κέρδος
584 4054 707 4130 πλόοςς
731 4049 775 4117 ad
795 4050 901 4117 verba
923 4049 982 4137 qui
1004 4048 1141 4115 suntin
1163 4072 1195 4116 v.
1220 4051 1241 4115 6
1263 4055 1319 4134 ζῇς
1339 4050 1379 4117 ἔτ’
1404 4049 1627 4137 ἐλαφρότερος
1648 4071 1764 4116 manus
1788 4051 1902 4118 eadem
1925 4051 2108 4141 adscripsit
2129 4055 2164 4120 in

442 4156 594 4241 margine
618 4176 659 4220 ex
679 4159 779 4241 parte
802 4153 933 4220 absciso
956 4178 1008 4240 γρ.
1031 4158 1087 4238 ζῇς
1110 4155 1144 4218 δι
1167 4151 1252 4236 ἐλεν,
1274 4153 1306 4218 b.
1331 4175 1359 4220 e.
1382 4156 1416 4220 δι
1439 4153 1644 4238 ἐλευθερίης,
1666 4176 1751 4242 quae
1775 4179 1855 4223 sane
1877 4155 1986 4223 minus
2008 4165 2164 4226 accurate

444 4281 480 4326 se
503 4257 676 4348 adplicant
698 4257 743 4325 ad
764 4256 939 4346 Posidippi
962 4281 1001 4324 ea
1024 4279 1109 4346 quae
1123 4263 1254 4324 nosmet
1275 4257 1417 4342 legimus
1439 4257 1515 4344 pari
1538 4257 1616 4324 sede
1638 4259 1707 4326 ub
1730 4265 1787 4347 ζῇς
1808 4259 1849 4327 ἐτ’
1875 4261 2083 4350 ἐρημότερος,
2105 4263 2166 4332 sed

443 4362 645 4452 adplicuisse
669 4361 748 4429 olim
771 4384 807 4429 se
830 4367 985 4429 accurate
1009 4361 1160 4448 suspicor
1182 4359 1424 4428 adlectionem
1446 4361 1531 4428 hano
1554 4367 1610 4449 ζῇς
1624 4362 1664 4429 δι’
1690 4363 1906 4449 έρημοσόνης.
1959 4373 2107 4434 ceterum
2128 4368 2164 4436 in

445 4473 500 4556 ζῇς
522 4467 563 4534 ἔτ’
589 4467 789 4554 ἐρημότερος
811 4466 953 4534 offendit
974 4469 1034 4551 ἐτι,
1056 4487 1130 4532 cum
1151 4471 1253 4553 poeta
1274 4464 1406 4532 minime
1429 4465 1520 4533 dicat
1543 4466 1714 4534 solitarios
1736 4467 1851 4536 vivere
1874 4469 1931 4557 qui
1952 4471 2164 4540 matrimonio

440 4575 602 4656 utentum
626 4570 697 4638 cod.
720 4570 831 4637 Paris.
856 4571 939 4637 1191
964 4570 1139 4638 confirmat
1160 4567 1324 4635 Brunckii
1347 4569 1586 4636 correctionem
1608 4573 1723 4658 ζῇση.

440 4744 503 4810 359,
522 4745 538 4797 7
557 4755 639 4811 quam
658 4741 788 4811 δρρονπς
805 4740 848 4796 rel
867 4741 901 4796 de
920 4757 973 4810 quo
993 4743 1115 4811 cogitare
1134 4743 1224 4811 possis
1243 4743 1395 4812 νῇφρονοις.
1434 4743 1463 4798 in
1481 4743 1581 4799 Iuliani
1600 4744 1796 4812 epigrammate
1814 4747 1982 4816 respondent
2000 4749 2084 4806 rerba
2102 4767 2126 4806 v.
2145 4756 2162 4808 6

441 4830 564 4901 φροῦδος
581 4835 637 4892 τοῖς
655 4829 784 4902 δγόνοισι
802 4831 898 4900 φόβος,
917 4829 951 4886 ei.
970 4849 994 4885 v.
1010 4834 1027 4886 5
1046 4835 1100 4892 τοῖς
1117 4829 1238 4901 ἆγόμοις
1256 4831 1385 4900 ἄφροντις
1404 4831 1446 4885 δεῖ
1462 4836 1531 4901 βίος.

550 4921 577 4990 1)
595 4919 675 4976 Δδδο
695 4936 801 4976 omnem
813 4919 915 4975 codicis
930 4919 993 4975 Par.
1009 4923 1074 4975 1191
1096 4920 1310 4988 discrepantiam
1330 4921 1436 4989 qualem
1450 4920 1485 4975 ad
1504 4918 1659 4975 Iacobsium
1676 4922 1792 4976 enomvi.
1813 4925 1901 4988 859,1
1922 4921 2021 4994 όγορᾶ.
2037 4929 2091 4979 ut
2109 4927 2163 4995 ρι’-

439 5016 488 5078 βος
505 5025 557 5078 pro
575 5009 643 5068 δέος.
679 5025 703 5062 v.
723 5013 741 5064 6
759 5007 820 5074 (issi
838 5011 1005 5081 ἐρημότερον.
1042 5025 1066 5063 ν.
1086 5013 1102 5063 7
1122 5011 1198 5063 clera
1217 5013 1311 5080 φόβος.
1348 5026 1373 5064 r.
1392 5013 1410 5064 8
1428 5007 1582 5076 δκόρανέις.
1630 5025 1655 5063 r.
1673 5011 1691 5063 9
1708 5009 1760 5063 σοῖν
1778 5011 1879 5064 δισσοῖν
1896 5020 1925 5067 et
1943 5014 2052 5082 οῖροοος.
2092 5018 2162 5070 v.10

438 5115 464 5153 v.
484 5113 578 5166 supra.
616 5099 671 5152 860
688 5115 712 5153 v.
734 5102 746 5150 l
767 5097 850 5169 τόμοι
868 5109 896 5152 et
915 5097 954 5165 ἢν.
989 5116 1014 5152 v.
1035 5102 1051 5153 3
1078 5096 1206 5171 όμπονμ’
1230 5099 1270 5152 εῖν
1298 5097 1394 5167 ἀγροῖς
1416 5096 1446 5151 δέ
1471 5093 1546 5166 φορδ
1571 5097 1665 5170 χόρος.
1701 5099 1762 5152 ab
1788 5099 1875 5169 μόνος
1899 5101 1932 5154 ελ.
1967 5101 2035 5171 Ιχιις
2059 5103 2163 5174 γόμον.

438 5204 463 5242 r.
483 5189 501 5242 6
519 5187 562 5254 ζῇς
578 5186 661 5241 κόνιν
680 5185 785 5252 ὀθόνης.
821 5193 872 5243 v.7
890 5189 967 5242 τέκνα
985 5189 1057 5258 φόος
1075 5183 1101 5259 γ’
1120 5190 1258 5257 decunx.
1276 5190 1329 5243 nt
1346 5187 1429 5257 δοῦν,
1447 5197 1608 5242 correctura
1626 5201 1660 5241 ex
1678 5185 1777 5239 δισσοῖν
1794 5186 1913 5255 factum,
1932 5204 2018 5259 supra
2036 5207 2075 5242 αν
2093 5191 2159 5247 sori·

440 5283 519 5346 ptum
539 5284 583 5333 est
601 5296 645 5331 οιο
663 5276 821 5347 (utrobique
839 5281 895 5332 τοῖν
913 5280 1018 5333 δισσοῖν
1037 5277 1244 5348 reponendum).
1279 5277 1343 5334 dein
1361 5277 1471 5348 οῐριοις.
1507 5291 1532 5330 v.
1553 5278 1587 5329 10
1605 5275 1754 5340 ῇκοθονοῖν
1770 5285 1799 5332 et
1815 5279 1876 5346 βίον.
