4920 6264
1144 577 1462 691 '-14-'-

468 819 627 903 carmina,
651 841 737 909 quae
753 818 911 908 deinceps
927 818 1057 907 scripta
1072 818 1113 886 ob
1136 817 1250 886 oculos
1272 819 1420 903 fuerunt,
1444 841 1511 888 non
1532 843 1598 887 uno
1620 825 1738 888 tenore
1759 821 1951 910 perscripta
1973 821 2071 909 quasi
2093 843 2197 909 quan·

439 963 443 970 ·
466 925 544 994 dam
565 923 764 992 mantissam
788 922 984 991 christianis
1007 921 1176 1005 adiunxit,
1207 927 1248 990 ut
1269 923 1383 991 fuerat
1404 923 1441 990 in
1462 924 1648 1012 archetypo
1670 923 1819 992 codicum
1840 923 1913 1007 SB,
1946 924 2008 991 sed
2036 924 2195 992 bifariam

468 1029 654 1098 distribute
674 1027 746 1095 illis
769 1028 857 1096 serie
880 1026 1007 1115 duplici
1028 1027 1244 1116 interposuit.
1303 1051 1369 1117 quo
1392 1027 1602 1095 commissum
1624 1033 1695 1112 est,
1729 1034 1769 1094 nt
1792 1034 1828 1096 et
1851 1028 2093 1096 divellerentur
2114 1051 2194 1096 non·

466 1133 562 1201 nulla
584 1155 670 1222 quae
692 1135 892 1219 argumento
915 1130 981 1198 sibi
1002 1130 1145 1198 finitima
1168 1130 1422 1221 sedemquoqne
1436 1131 1791 1216 vicinamhabucrent,
1816 1138 1852 1200 et
1873 1133 2038 1222 quaedam
2059 1132 2095 1199 in
2109 1132 2194 1202 eolo·

465 1261 543 1327 gam
564 1236 709 1328 priorem
734 1235 911 1304 admodum
932 1237 1068 1304 brevem
1090 1241 1228 1324 recepta
1248 1259 1310 1325 per
1331 1259 1478 1304 errorem
1499 1241 1735 1325 repeterentur
1756 1236 1793 1304 in
1814 1237 1934 1304 altera.

594 1359 668 1426 lam
691 1357 849 1426 indicabo
872 1357 1020 1426 ommino
1050 1357 1261 1446 antiquiora,
1293 1358 1431 1446 quaeB
1463 1357 1631 1440 continet,
1665 1359 1764 1426 simul
1795 1382 1869 1426 cum
1892 1359 1986 1442 sede,
2026 1381 2126 1448 quam
2157 1358 2194 1425 in

465 1467 617 1536 Crameri
638 1465 828 1534 Anecdotis
852 1465 988 1552 singula
1011 1470 1194 1554 occupant,
1230 1465 1358 1534 additis
1391 1465 1494 1532 etiam
1524 1465 1703 1556 scripturis
1735 1466 1857 1555 quibus
1879 1466 1909 1532 B
1933 1466 1975 1533 ab
1998 1463 2023 1533 S
2045 1465 2101 1533 hie
2121 1464 2192 1533 illic

464 1573 592 1642 leviter
615 1571 808 1662 discrepat;
846 1596 925 1640 nam
946 1571 1045 1658 longe
1068 1573 1229 1662 pleraque
1251 1573 1434 1662 insigniter
1456 1574 1680 1642 consentiunt.

596 1694 634 1762 P.
661 1695 721 1761 62ν
744 1698 825 1783 post
845 1715 966 1760 versus
989 1696 1037 1772 εἰς
1058 1697 1328 1783 μεταμόοφασιν,
1351 1719 1434 1785 quos
1450 1694 1629 1763 Cramerus
1653 1694 1789 1762 exhibet
1809 1719 1842 1783 p.
1860 1695 1934 1780 304,
1956 1696 2009 1779 24,
2034 1701 2193 1764 secuntur

465 1797 568 1868 hseoe

490 1902 520 1970 1.
565 1907 643 1968 Ποῦ
663 1926 716 1970 τοι
738 1902 854 1986 τόξον,
1072 1901 1116 1967 Α.
1139 1902 1235 1970 Plan.
1259 1903 1311 1970 IV
1335 1905 1409 1986 201,
1433 1909 1614 1991 Μαοιανοῦ
1626 1909 1727 1992 spot,
1750 1903 1840 1992 apud
1851 1900 1999 1971 Cramer.
2009 1926 2041 1992 p.
2052 1903 2126 1986 368,
2170 1905 2192 1969 7

489 2008 541 2074 la.
565 2007 638 2073 Οὐκ
660 2005 726 2072 ἀπὸ
750 2007 945 2091 πανδήμου,
968 2027 1053 2093 quae
1077 2011 1131 2073 est
1154 2007 1301 2075 eiusdem
1326 2007 1579 2096 epigrammatis
1603 2008 1712 2076 altera
1734 2031 1815 2097 pars
2051 2009 2125 2092 388,
2151 2008 2192 2076 12

487 2112 519 2178 2.
563 2112 678 2176 Καλὸν
700 2107 762 2195 μὲν
789 2112 1018 2195 στνγόδεμνον
1032 2112 1077 2197 ¹),
1198 2112 1242 2178 A.
1266 2112 1304 2178 P.
1348 2113 1384 2178 X
1427 2113 1487 2194 68,
1519 2113 1681 2196 Ἀγαθίου
2051 2111 2125 2194 375,
2171 2112 2192 2177 3

490 2216 520 2281 3.
566 2218 714 2300 Παίγνια
736 2211 798 2298 μὲν
820 2215 899 2280 τάδε
909 2213 935 2300 ²)
1324 2215 1378 2282 lx
1399 2216 1482 2298 768,
1514 2215 1676 2298 Ἀγαθίου
2050 2213 2192 2296 370,12

489 2322 520 2386 4.
566 2321 684 2403 Σαηνν)
707 2329 771 2396 πᾶς
793 2319 812 2384 ὁ
834 2323 908 2403 βίος
1342 2320 1377 2385 Χ
1421 2321 1482 2402 72,
1514 2320 1677 2386 natiuis
2051 2317 2125 2400 375,
2150 2317 2189 2382 ll

490 2425 520 2490 5.
566 2427 634 2508 Γῆς
655 2421 778 2507 ἐπέβην
801 2426 928 2508 γυμνός
1343 2425 1377 2490 Χ
1421 2425 1480 2505 58,
1515 2425 1677 2490 narsete
2052 2421 2126 2502 375,
2173 2422 2191 2487 1

469 2566 560 2636 redit
582 2563 701 2634 exinde
723 2565 883 2633 librarius
896 2556 1145 2651 adchristiam,
1168 2568 1380 2656 nemexcipit
1398 2569 1483 2636 hanc
1495 2568 1645 2654 eclogam
1659 2566 1864 2655 epigramma
1879 2567 1994 2644 εἰςτὸν
2016 2566 2114 2650 ἅγιον
2135 2566 2193 2650 3η-

470 2675 622 2757 μήαριον,
646 2669 735 2759 quod
759 2675 813 2738 cst
835 2669 926 2759 apud
938 2669 1131 2738 Crumerum
1142 2694 1175 2760 p.
1187 2671 1262 2753 290,
1287 2672 1338 2754 14,
1363 2678 1523 2740 secuntur
1545 2671 1613 2740 alie
1637 2670 1786 2738 eiusdem
1808 2668 1952 2755 generis,
1977 2689 2062 2757 quae
2085 2667 2195 2736 omnia

469 2775 552 2843 item
573 2774 793 2842 inveniuntur
817 2776 920 2842 etiem
941 2776 978 2841 in
1000 2775 1024 2843 S
1048 2781 1084 2843 ot
1104 2798 1245 2864 quorum
1267 2777 1423 2843 ultimum
1445 2783 1499 2844 est
1519 2777 1668 2843 ἐνταῦθα
1697 2775 1855 2859 σάλπιγξ,
1887 2773 1978 2862 apud
2000 2771 2194 2842 Crumerum

469 2902 502 2968 p.
527 2880 601 2962 302,
627 2879 688 2963 10,
713 2877 835 2945 deinde
857 2901 890 2966 p.
914 2879 1171 2965 inlegentur,
1196 2902 1281 2969 quae
1305 2881 1347 2946 ab
1371 2880 1395 2946 S
1419 2881 1552 2960 absunt,
1576 2877 1728 2968 pedestri
1752 2878 1904 2946 oratione
1927 2876 2072 2966 scripta,
2096 2899 2192 2967 opus·

471 2985 549 3052 cula
571 3006 678 3066 sacra,
703 2983 946 3066 astronomica,
971 2983 1040 3050 alia
1064 2989 1223 3071 excerpta
1239 2983 1345 3050 varia.
1391 2983 1512 3071 quibus
1535 2981 1809 3048 intermiscentur
1831 2981 1872 3048 de
1895 2980 2031 3048 zodiaco
2055 2986 2090 3048 et
2105 3003 2193 3048 men·

474 3087 568 3156 sibus
584 3087 731 3175 iambi³)‚
756 3087 962 3175 epigramma
977 3087 1017 3153 de
1032 3087 1245 3175 Empedoclis
1262 3087 1406 3175 sphaera
1415 3087 1450 3174 ⁴),
1475 3086 1577 3154 iambi
1592 3086 1633 3152 de
1648 3085 1792 3154 Atlante
1809 3086 1937 3154 caelum
1952 3085 2140 3152 sustinente
2151 3083 2194 3172 5);

469 3191 607 3261 tandem
628 3213 660 3280 p.
675 3191 738 3259 127
762 3191 903 3258 resumit
924 3191 1085 3258 librarius
1108 3191 1257 3260 carmina
1279 3191 1466 3259 christiana
1483 3214 1504 3260 a
1521 3191 1659 3258 Ioannis
1675 3189 1875 3258 Geometras
1889 3188 2106 3258 Confessione
2130 3189 2194 3257 ele-

472 3297 528 3384 gis
550 3296 706 3386 pessimis
731 3296 859 3385 scripta
882 3303 971 3381 oium
993 3295 1049 3362 καὶ
1074 3298 1175 3363 πάλιν
1196 3299 1321 3382 ἤλιτον,
1345 3319 1430 3386 quac
1445 3297 1618 3364 invenitur
1633 3296 1735 3364 etiam
1750 3295 1787 3362 in
1801 3295 1836 3377 S,
1860 3296 1901 3362 cf.
1915 3294 2063 3362 Cramer.
2075 3319 2107 3384 p.
2120 3295 2194 3379 334,

473 3406 514 3468 ut
537 3424 577 3470 ea
600 3424 685 3490 quae
709 3401 866 3490 deinceps
890 3407 1050 3468 secuntur
1071 3406 1206 3468 tentum
1227 3425 1294 3469 nou
1316 3401 1479 3488 omnini),
1518 3401 1601 3468 licet
1623 3400 1738 3468 ordine
1762 3423 1862 3488 saepe
1885 3399 2037 3483 diverso,
2070 3423 2092 3468 a
2114 3398 2194 3467 (lra-

475 3528 567 3574 merc
590 3505 684 3573 edita
705 3505 882 3592 leguntur3
918 3527 1018 3593 quam
1049 3505 1179 3573 claudit
1200 3505 1349 3592 eclogam
1378 3505 1546 3573 distichon
1572 3505 1608 3571 in
1633 3502 1833 3589 Gregorium
1862 3504 2056 3591 theologum
2078 3507 2197 3582 ἔνθεος

471 3607 514 3694 ἦν
546 3612 721 3696 ellipse,
753 3610 843 3698 apud
866 3608 1059 3677 Crumerum
1080 3633 1113 3699 p.
1137 3611 1188 3692 13,
1211 3611 1287 3677 281.
1332 3611 1399 3678 iam
1429 3609 1516 3677 illud
1545 3631 1678 3676 rursum
1699 3607 1869 3697 excipiunt
1898 3633 1931 3698 p.
1956 3609 2019 3676 135
2049 3607 2196 3676 carmina

472 3713 664 3802 antiquiora
685 3713 825 3800 haee'),
857 3713 1085 3802 superscripto
1117 3713 1237 3796 titulo,
1271 3737 1368 3802 quem
1390 3737 1411 3780 a
1432 3714 1541 3802 prima
1563 3713 1715 3780 additum
1738 3735 1853 3781 recens
1876 3737 1994 3781 manus
2016 3712 2195 3781 renovavit

581 3952 609 4020 1)
627 3949 660 4004 V.
680 3953 697 4004 6
715 3953 833 4022 συζυγία.

578 4039 607 4109 2)
625 4039 658 4094 V.
678 4042 694 4093 3
712 4040 814 4108 βιότου.

582 4131 611 4198 3)
629 4129 673 4184 De
691 4130 805 4186 zodiaco
823 4132 1056 4188 monostichorum
1076 4131 1231 4200 duodecim,
1254 4148 1325 4203 qnae
1342 4133 1470 4204 leguntur
1489 4150 1515 4203 p.
1534 4137 1591 4200 77„
1610 4133 1727 4203 primum
1746 4141 1789 4187 est
1807 4132 1884 4202 κριὸς
1904 4134 2023 4203 πρωινός
2040 4135 2107 4188 ἐστιν
2125 4130 2195 4204 ἀρχῆ

470 4236 495 4272 α
510 4219 632 4290 χρόνον,
663 4218 697 4274 de
716 4219 855 4276 mensibus
873 4220 988 4277 totidem
1008 4239 1025 4276 a
1045 4221 1199 4292 septembre
1221 4223 1410 4291 incipientium
1429 4222 1546 4290 primum
1564 4221 1617 4276 hoe
1635 4222 1710 4291 φέρω
1728 4221 1862 4290 ταλάρους
1879 4220 1970 4290 αἵρεον
1988 4223 2195 4294 assuspirans.

471 4307 614 4362 cuiusnam
633 4309 702 4363 haec
722 4309 786 4377 sint,
805 4309 914 4378 nesei03
933 4311 1036 4366 similes
1056 4326 1144 4380 neque
1163 4317 1254 4366 tamen
1273 4311 1382 4368 eosdem
1401 4310 1435 4366 de
1454 4309 1596 4366 duodecim
1613 4309 1751 4365 mensibus
1771 4311 1877 4366 iambos
1897 4310 2042 4365 ediderunt
2052 4309 2191 4365 Theodori

469 4393 616 4450 Prcdromi
633 4395 836 4452 Boissonadiue
863 4397 892 4452 in
911 4399 1023 4453 Netinos
1042 4406 1068 4452 st
1086 4399 1200 4452 extruite
1217 4399 1257 4453 XI
1275 4402 1291 4453 2
1310 4416 1338 4467 p.
1359 4401 1410 4453 180
1428 4415 1487 4469 sqq.
1507 4405 1534 4453 et
1552 4397 1689 4453 Manuelis
1707 4399 1805 4454 Philae
1823 4415 1857 4454 ex
1875 4399 1936 4468 ipso
1956 4397 2015 4454 cod.
2035 4399 2058 4452 B
2075 4397 2109 4453 Ε.
2128 4397 2190 4453 1111-

470 4483 513 4538 ler
531 4483 560 4538 in
577 4483 675 4539 Philae
695 4484 863 4542 carminibus
882 4493 902 4540 t.
921 4487 935 4540 1
953 4503 979 4556 p.
1000 4492 1062 4542 341.
1099 4488 1272 4544 monosticha
1290 4487 1341 4542 illa
1362 4487 1395 4542 de
1413 4486 1527 4543 zodiaco
1545 4486 1697 4554 publicavit
1716 4487 1913 4544 Boissonsdius
1934 4487 2037 4543 Aneod.
2054 4487 2083 4540 11
2100 4490 2162 4543 477.

577 4591 608 4662 1)
627 4589 668 4647 oi.
687 4591 807 4648 lacobsii
826 4585 1012 4663 appendicem
1023 4593 1059 4650 ad
1077 4596 1110 4649 Δ.
1129 4594 1160 4648 P.
1179 4611 1206 4652 n.
1224 4597 1268 4650 40.

580 4683 610 4754 5)
629 4683 772 4754 Leguntur
799 4684 887 4742 eidem
907 4688 936 4741 in
962 4687 1047 4744 schol.
1067 4686 1266 4742 recentioribus
1296 4687 1332 4744 ad
1350 4685 1479 4758 Aeschyli
1497 4685 1588 4742 Prcm.
1607 4701 1631 4740 r.
1650 4687 1704 4741 428
1722 4692 1751 4740 et
1779 4686 1808 4740 in
1834 4686 1919 4742 schol.
1947 4685 1983 4742 ad
2002 4686 2122 4756 Oppiani
2139 4687 2194 4743 bal.

471 4773 485 4828 l
504 4773 565 4830 ⁸19·
580 4863 609 4932 6)
628 4862 714 4920 Deest
732 4864 763 4919 in
781 4863 799 4920 8
818 4864 948 4935 hymnus,
978 4865 1025 4933 qui
1044 4865 1142 4934 incipit
1159 4866 1306 4938 μέλπαμον
1333 4866 1468 4920 coenasse
1495 4866 1629 4919 ensinio
1655 4864 1893 4937 ἀφθορόννμφον,
1922 4866 1952 4920 iu
1970 4864 2113 4934 deiparam
2129 4866 2195 4918 κατὰ

471 4956 601 5023 παχεῖαν
619 4953 789 5022 compositus
808 4954 993 5010 aemulatione
1010 4955 1170 5024 hymnorum
1190 4955 1429 5024 onomaeticcrnm,
1448 4954 1494 5024 qui
1513 4959 1577 5008 snut
1595 4953 1624 5008 in
1641 4955 1674 5010 Δ.
1691 4953 1722 5008 Ρ.
1740 4953 1781 5008 lx
1799 4955 1853 5009 524
1871 4961 1900 5010 et
1918 4955 1970 5009 525
1988 4955 2017 5010 in
2035 4953 2197 5026 Dionysium

472 5048 500 5098 et
517 5040 676 5111 Apollinem
696 5042 803 5112 scripti.
839 5052 905 5114 post
921 5043 993 5100 alios
1011 5041 1098 5098 edidit
1116 5043 1190 5100 bunc
1208 5060 1243 5100 ex
1260 5045 1322 5114 ipso
1341 5042 1435 5099 codice
1452 5043 1476 5097 Β
1494 5041 1573 5097 Pitra
1591 5042 1621 5096 in
1639 5041 1787 5112 Spicilegio
1801 5041 1966 5098 Solssmensi
1984 5042 2057 5098 um
2074 5059 2101 5112 p.
2110 5041 2196 5097 XVII.

580 5146 818 5219 ulammaus
836 5164 852 5204 e
870 5149 929 5206 eod.
948 5149 972 5203 Β
991 5148 1086 5206 eaden
1104 5147 1137 5206 G.
1155 5149 1176 5204 L
1195 5149 1326 5218 Vossius,
1346 5151 1423 5206 cuius
1442 5149 1595 5218 exemplem
1614 5149 1645 5205 P.
1664 5149 1837 5204 Burmannus
1856 5149 1885 5204 in
1903 5164 1982 5205 suum
1999 5165 2078 5205 usum
2095 5148 2196 5206 descri-

479 5237 549 5306 psit3
569 5235 642 5306 quod
662 5238 816 5296 Burmanni
834 5239 1021 5309 artigraphos
1038 5245 1117 5295 extat
1135 5239 1165 5294 iu
1183 5239 1248 5295 bibl.
1267 5239 1442 5309 Gottingcnsi
1459 5239 1532 5294 iuter
1549 5238 1609 5294 eod.
1627 5253 1677 5294 ms.
1696 5236 1791 5307 philol.
1810 5253 1836 5294 n.
1854 5240 1880 5293 2.
