4920 6264
1130 573 1175 584 -
1232 535 1359 602 4-

385 735 487 803 bilem
507 741 580 800 tum
600 731 743 800 maxime
760 730 1038 818 epigrammatum
1056 738 1208 799 veterum
1232 738 1333 801 antea
1354 755 1421 797 non
1445 730 1611 797 editorum
1634 729 1712 796 dote
1728 729 1903 814 insignem,
1927 735 2106 816 praeterea

387 842 429 906 ob
452 837 604 906 instituti
625 836 790 903 rationem
814 843 849 901 et
872 837 1160 918 necessitudinem,
1185 860 1271 926 quae
1295 838 1326 903 ei
1348 841 1401 902 est
1425 859 1498 902 cum
1521 831 1681 900 Palatina
1704 838 1739 897 et
1762 831 1944 916 Planudea,
1969 835 2106 919 cognitu

385 943 513 1010 utilem.

514 1043 732 1133 Deprompsit
754 1042 932 1110 Cramerus
955 1066 1109 1111 coronam
1132 1045 1217 1112 hanc
1232 1068 1273 1111 ex
1288 1044 1400 1111 codice
1413 1044 1635 1110 bibliothecae
1651 1041 1837 1108 nationalis
1854 1043 1962 1131 suppl.
1980 1067 2011 1109 n.
2028 1043 2103 1124 352,

389 1150 515 1219 saeculi
537 1148 645 1230 xm,
670 1170 767 1237 quem
790 1147 964 1214 Omontius
998 1149 1031 1213 iu
1058 1150 1239 1215 lrtccaioire
1261 1152 1427 1216 sommaire
1455 1151 1510 1215 des
1539 1167 1697 1214 manasen
1720 1149 1763 1213 da
1794 1147 1899 1230 suppl.
1921 1168 1993 1231 pree
2014 1149 2054 1214 dc
2074 1149 2108 1214 la

387 1256 459 1322 titt.
482 1261 547 1320 aot.
568 1277 601 1341 p.
624 1252 667 1318 42
691 1275 740 1341 sq.
765 1252 956 1318 accuratius
978 1275 1076 1340 quam
1100 1253 1278 1320 Cramerus
1301 1278 1333 1342 p.
1357 1253 1421 1319 265
1445 1251 1634 1340 descripsit.
1690 1251 1840 1317 eiusdem
1869 1256 1988 1338 postea
2011 1251 2107 1338 copia

388 1359 456 1424 fuit
477 1357 708 1448 Piccolo„qui
729 1361 841 1422 tamen
865 1356 937 1423 fere
959 1355 1044 1422 nihil
1066 1357 1144 1424 inde
1168 1358 1310 1424 contulit
1333 1357 1377 1424 ad
1399 1356 1616 1446 perpolienda
1640 1354 1883 1443 epigrammata
1906 1377 1927 1421 a
1950 1353 2106 1421 Gramero

389 1461 481 1529 edita
504 1461 711 1549 antiquiora,
746 1460 929 1548 dequibus
962 1462 1035 1546 agit
1058 1461 1092 1526 in
1116 1463 1314 1543 Srtprplemcui
1346 1461 1367 1526 d
1400 1461 1595 1544 l’oatltolopia
1624 1481 1753 1544 presque
1775 1484 1807 1547 p.
1833 1460 1905 1526 155.
1966 1459 2107 1548 denique

389 1565 604 1652 anthologiae
627 1564 775 1631 editores
798 1564 946 1631 Parisini
969 1565 1059 1632 tanti
1078 1589 1143 1632 non
1167 1566 1333 1632 duxerunt
1355 1571 1395 1631 ut
1417 1588 1490 1631 eum
1510 1565 1554 1631 ad
1571 1563 1727 1646 carmine,
1752 1587 1837 1653 quae
1860 1587 1933 1630 curn
1949 1563 2107 1630 Palatino

391 1677 426 1736 et
448 1669 620 1737 Planudeo
642 1668 826 1735 communia
844 1669 955 1748 habet,
979 1669 1045 1756 ipsi
1068 1669 1288 1758 inspicerent,
1322 1670 1381 1735 sed
1414 1669 1640 1735 adhaesertmt
1671 1668 1779 1734 securi
1803 1669 1952 1754 exemplo
1975 1666 2107 1734 Crame-

390 1774 504 1858 riano;
528 1796 613 1862 quae
636 1795 715 1840 vero
740 1773 871 1860 sylloge
895 1771 1051 1839 Parisina
1073 1774 1201 1860 largita
1224 1780 1299 1840 erat
1322 1772 1456 1840 aliunde
1479 1795 1545 1838 uon
1568 1771 1713 1858 cognita,
1738 1795 1758 1838 a
1781 1771 1910 1838 duobus
1933 1771 2108 1838 volumini·

389 1879 452 1945 bus
476 1878 583 1945 adhuc
604 1876 786 1965 publicatis
815 1875 1046 1958 excluserunt,
1082 1901 1147 1943 uno
1177 1883 1290 1944 tamen
1322 1901 1363 1944 ex
1390 1877 1459 1942 illis
1483 1876 1724 1964 epigrammate
1749 1873 1892 1941 disticho
1916 1875 2003 1941 satis
2027 1875 2107 1940 exili

391 1980 620 2048 inconstantia
642 1979 767 2066 insigni
790 1979 946 2060 admisso,
970 1980 1059 2067 quod
1082 1981 1296 2067 anthologiae
1319 1981 1341 2046 l.
1359 1981 1411 2046 IX
1431 1981 1520 2047 inter
1543 2003 1593 2068 ep.
1610 1980 1674 2045 721
1698 1985 1733 2046 et
1756 1979 1820 2044 722
1843 1979 2106 2046 inculcaverant.

522 2083 615 2166 Quae
639 2107 712 2151 cum
733 2084 784 2151 ita
806 2089 938 2166 essent,
975 2083 1074 2149 huius
1106 2085 1185 2150 libri
1216 2084 1299 2150 folia
1330 2089 1490 2171 quattuor
1523 2088 1708 2171 postrema,
1748 2081 1869 2170 quibus
1893 2083 2107 2149 continentur

391 2189 539 2257 caraune
553 2195 672 2256 vetera
695 2213 715 2254 a
738 2188 920 2254 Metrodori
945 2188 999 2274 (A.
1013 2187 1050 2254 P.
1066 2189 1119 2253 lX
1132 2190 1208 2274 360)
1233 2193 1395 2273 παντοίην
1417 2191 1544 2272 βιότοιο
1567 2191 1630 2252 etc.
1654 2186 1861 2274 incipientia,
1885 2187 2012 2254 contuli
2035 2211 2107 2254 cum

392 2293 542 2360 Crameri
572 2293 717 2360 editione
750 2292 826 2358 inde
858 2315 932 2378 ap.
957 2293 1037 2372 366,
1071 2293 1127 2358 ubi
1150 2293 1334 2358 Metrodori
1363 2292 1449 2358 illud
1477 2292 1612 2378 legitur.
1667 2297 1826 2358 tenuerat
1856 2292 1943 2358 eninr
1973 2292 2109 2379 specula

391 2399 463 2465 fore
485 2403 525 2463 ut
546 2397 702 2464 versibus
724 2396 923 2484 quibusdam
939 2396 1111 2462 hiantibus
1135 2397 1412 2484 epigrammatum
1434 2396 1576 2463 adfatim
1591 2395 1765 2478 cultorem,
1790 2418 1876 2485 quae
1900 2419 1917 2462 e
1936 2396 2109 2462 Stratonis

394 2499 493 2568 Musa
513 2498 637 2588 puerili
661 2500 740 2566 olim
762 2500 922 2588 ampliore
946 2499 1126 2586 deducta⁸)
1150 2501 1282 2589 sylloge
1304 2500 1462 2567 Parisino
1492 2503 1698 2588 praebuerat
1718 2525 1825 2582 nova,
1857 2502 2010 2568 lucrarer
2032 2524 2108 2588 sup·

390 2605 569 2694 plementa,
593 2627 678 2693 quae
694 2605 782 2672 forte
800 2605 946 2694 patienti
969 2606 1137 2673 oculorum
1160 2607 1370 2674 contentione
1394 2606 1551 2673 adiuncto
1575 2605 1749 2673 divinandi
1772 2605 1884 2672 studio
1908 2628 1925 2671 e
1947 2604 2108 2672 tenuiori·

391 2711 454 2776 bus
477 2709 622 2777 residuis
645 2710 722 2776 elici
743 2716 891 2797 possent.
938 2732 1036 2798 quam
1059 2711 1245 2799 opinionem
1268 2735 1333 2777 non
1358 2711 1457 2798 plane
1481 2709 1639 2776 destituit
1663 2715 1813 2775 eventus.
1862 2709 1977 2798 itaque
1998 2709 2108 2796 prof-

392 2837 464 2882 ram
485 2815 592 2902 primo
622 2814 696 2881 loco
728 2837 813 2902 quae
845 2820 880 2880 et
909 2815 1051 2900 legendo
1075 2820 1110 2882 et
1133 2815 1323 2881 coniciendo
1346 2814 1390 2880 ad
1410 2815 1549 2880 lacunas
1572 2813 1650 2879 illas
1674 2813 1855 2900 explendas
1878 2813 2109 2901 inpraesenti

394 2919 544 2985 conferre
566 2941 665 3006 posse
689 2918 815 2985 videar.

524 3022 807 3110 Epigrammatis,
842 3021 931 3110 quod
960 3028 1014 3088 est
1045 3021 1134 3109 apud
1166 3020 1358 3088 Cramerum
1389 3047 1422 3110 p.
1447 3023 1519 3104 384,
1546 3023 1604 3103 17,
1637 3022 1905 3089 hexametrorum
1936 3023 2107 3089 clausulas

393 3126 604 3216 bibliopegus
629 3127 777 3214 operuit;
802 3127 855 3193 cui
878 3125 1028 3193 chartam
1050 3125 1195 3212 margini
1216 3125 1361 3214 pristino
1385 3127 1635 3214 agglutinatam
1652 3127 1781 3193 solvere
1793 3125 1937 3208 licuerit,
1962 3128 1991 3194 is
2008 3126 2107 3194 facile

395 3231 547 3320 syllabas
577 3254 664 3323 nunc
697 3232 849 3298 obtectas
879 3231 914 3296 in
935 3231 1043 3298 lucem
1065 3229 1254 3312 revocabit,
1291 3231 1351 3298 sed
1372 3231 1457 3298 nihil
1479 3255 1553 3298 cum
1576 3231 1668 3299 aliud
1699 3230 1913 3318 inventurum
1937 3255 2011 3299 esse
2033 3255 2108 3320 per·

395 3359 531 3404 suasum
552 3335 658 3403 habeo
692 3359 792 3424 quam
821 3358 906 3424 quae
939 3335 1180 3424 suppleverunt
1202 3331 1390 3402 Meinelxius
1413 3337 1448 3401 in
1471 3335 1647 3403 Analectis
1671 3335 1912 3402 Alexandrinis
1943 3337 2052 3423 pact
2075 3341 2110 3403 et

394 3439 547 3507 Piccolus
569 3441 591 3506 l.
616 3461 643 3505 c.
666 3464 698 3529 p.
724 3441 796 3506 157.

523 3543 614 3610 Illud
636 3545 725 3632 quod
747 3569 779 3632 p.
803 3547 876 3626 385,
902 3546 942 3611 11
967 3545 1094 3630 legitur
1117 3567 1264 3626 carmen,
1295 3549 1335 3609 ut
1359 3544 1468 3611 omnia
1490 3545 1525 3610 in
1547 3544 1581 3610 A
1613 3543 1685 3611 sine
1719 3543 1849 3610 nonnus
1880 3550 2016 3631 poetae,
2052 3545 2112 3610 sed

395 3649 626 3734 Meleagro
650 3646 830 3715 Gadarene
854 3648 1008 3730 dandum,
1032 3648 1096 3713 huc
1119 3647 1249 3735 adpone
1272 3648 1371 3735 quale
1394 3646 1572 3715 Cramerus
1596 3648 1747 3714 exhibuit

645 3748 752 3819 Εἶπεν
766 3753 882 3839 Ἔρως
902 3755 962 3820 τὸν
984 3754 1087 3818 καλὸν
1110 3754 1193 3818 ἰδὼν
1216 3801 1224 3816 .
1247 3802 1254 3816 .
1278 3803 1285 3817 .
1309 3803 1316 3817 .
1340 3752 1519 3839 ωρίσκοαθ)

732 3859 922 3944 δωροῦμαι,
951 3857 1042 3922 τὰδ’
1069 3857 1129 3940 ἐμὰ
1150 3858 1227 3936 τόξα
1250 3874 1303 3922 σοι
1326 3853 1381 3920 καὶ
1404 3855 1582 3941 φαρέτρην.

648 3964 819 4047 δωροῦμαι
841 3960 896 4028 καὶ
919 3964 1046 4046 πτηνὸν
1069 4011 1264 4027 .......
1285 3961 1365 4044 ἄγε
1386 3965 1496 4046 χείλεα

731 4072 840 4153 χεῖλος
864 4065 945 4151 ἐμὸν
964 4071 1079 4150 θείης,
1117 4067 1263 4150 λάμβανε
1286 4063 1517 4150 salutigeros.

396 4171 578 4257 Meleagri,
611 4170 669 4259 qui
692 4169 798 4237 multa
821 4169 946 4236 similia
967 4169 1070 4251 lusit,
1101 4168 1189 4250 dixi,
1222 4167 1354 4257 quando
1376 4167 1494 4234 Pixius
1524 4167 1558 4233 in
1590 4166 1736 4235 editione
1759 4167 1932 4257 Euripidis
1956 4169 2112 4236 Parisino

395 4301 427 4364 p.
440 4273 595 4342 LXVIII
617 4280 708 4342 recte
725 4279 884 4342 Μοίσαοα
905 4275 941 4340 in
963 4274 1027 4340 fine
1050 4297 1170 4340 versus
1192 4273 1291 4360 primi
1313 4275 1473 4362 reposuit,
1496 4297 1614 4340 nomen
1635 4274 1731 4363 pueri
1748 4274 1949 4361 aMeleagro
1971 4275 2113 4342 multum

396 4380 557 4448 celebrati
566 4381 602 4466 ¹).
646 4384 726 4469 post
759 4379 860 4464 ctae,
894 4379 1017 4468 quoin
1039 4379 1141 4446 verbo
1165 4384 1336 4446 accentum
1359 4385 1492 4446 acutum
1514 4377 1631 4445 Fixius
1659 4385 1694 4446 et
1716 4379 1869 4446 Piccolus
1892 4386 2009 4447 contra
2032 4378 2116 4448 (lra-¹

503 4634 530 4704 1)
548 4631 679 4688 Eiusdem
702 4631 768 4687 libri
796 4649 823 4700 p.
842 4635 895 4687 238
914 4649 972 4702 sqq.
1002 4633 1128 4690 Piccolas
1156 4638 1278 4692 enotavit
1306 4639 1459 4706 congeriem
1487 4639 1647 4707 lectionum,
1676 4654 1745 4708 quae
1773 4645 1900 4708 spectant
1928 4638 1964 4694 ad
1991 4638 2067 4693 locos
2096 4651 2113 4692 a

398 4723 528 4780 Gramato
546 4737 631 4792 prave
649 4721 821 4790 descriptos;
851 4719 899 4776 sed
927 4721 1030 4790 placuit
1059 4723 1084 4776 ei
1103 4724 1244 4780 immorari
1262 4727 1291 4780 in
1309 4727 1542 4802 versificatoribus
1561 4729 1737 4798 Byzantinis,
1764 4728 1885 4784 corollae
1903 4735 2011 4797 partem
2029 4728 2111 4794 longe

396 4813 627 4882 praestantiorem
646 4811 685 4866 ibi
704 4826 758 4865 non
776 4811 878 4879 attigit.

505 4902 535 4970 2)
553 4899 594 4956 cf.
611 4900 866 4956 commentationem
879 4913 966 4954 meam
984 4897 1069 4953 indici
1079 4900 1225 4956 lectionum
1237 4901 1411 4973 Gottingensi
1432 4907 1531 4972 187819
1550 4906 1737 4974 praemissam,
1748 4905 1792 4960 cui
1804 4905 1934 4974 inscripsi
1943 4904 2113 4974 Epigramm.

397 5007 443 5060 gr.
461 4991 491 5044 in
508 4989 594 5044 moria
613 4990 690 5057 picta
707 4988 770 5055 duo,
788 5003 816 5056 p.
836 4989 870 5042 tc
889 5003 929 5057 aq.
948 5003 974 5040 n.
993 4990 1022 5055 2,
1042 4995 1070 5042 et
1088 4989 1267 5046 Woltersium
1286 4993 1314 5046 in
1332 4993 1526 5049 dissertatione
1545 4993 1579 5050 de
1598 4995 1684 5064 epigr.
1702 5011 1744 5064 gr.
1759 4994 1899 5064 antholog.
1918 5011 1945 5064 p.
1965 4997 2008 5049 30.

503 5079 530 5150 8)
551 5078 724 5148 Typothetaa
742 5091 838 5142 errore
856 5077 1020 5146 impressum
1039 5085 1082 5132 est
1100 5082 1225 5150 ωρίοιρν.

506 5165 1568 5238 amaammmmmmmmmmmmmm
