4920 6264
1006 575 1258 646 ..13-

271 775 417 846 nudeam
438 798 471 864 p.
493 776 560 842 220
582 799 651 864 sq.,
689 776 834 866 plurima
865 774 942 840 inde
975 774 1145 864 descripte
1178 798 1239 864 per
1261 773 1461 843 Anecdoton
1495 798 1630 844 suorum
1663 775 1799 862 singule
1831 774 2003 845 volumina

274 881 429 970 dispersa
450 880 607 967 volgavit
618 881 652 968 ¹),
675 881 711 947 in
733 879 787 947 his
803 878 985 946 carminum
1000 879 1269 966 Byzantinorum
1280 879 1409 969 copiam
1424 901 1641 967 permagnam
1651 879 1685 967 ¹),
1709 879 2006 1001 QQPQ

273 984 338 1051 bus
360 984 402 1050 de
425 982 536 1050 causis
560 983 705 1072 spretis,
728 981 910 1050 lectionum
932 981 1035 1048 etiam
1058 982 1231 1050 variarum
1252 981 1503 1049 multitudinem
1525 982 1561 1048 in
1582 983 2000 1072 anthologiaeiPclatmae

274 1086 528 1154 commentarios
551 1086 721 1169 traduxit;
746 1086 842 1176 atqui
864 1087 1052 1176 scripturae
1068 1088 1131 1155 hee
1146 1087 1365 1176 proferuntur
1379 1086 1489 1154 nudae
1513 1086 1601 1174 siglo
1624 1087 1747 1154 codicis
1771 1088 1936 1176 adposito,
1960 1088 2002 1158 da

273 1192 348 1280 ipso
369 1190 455 1258 nihil
477 1213 618 1279 usquam
639 1189 826 1274 indicatur,
851 1191 995 1279 suspitio
1017 1191 1059 1258 de
1082 1191 1251 1259 affinitate
1273 1214 1359 1281 quae
1382 1191 1414 1258 ei
1436 1196 1491 1259 est
1512 1214 1587 1258 cum
1609 1189 1824 1261 Crameriano
1846 1192 2003 1282 proditur

273 1295 377 1378 nulla,
401 1317 508 1383 neque
530 1317 611 1362 vero
633 1295 739 1362 bonae
762 1294 835 1362 eius
857 1293 1020 1362 lectiones
1042 1301 1134 1364 recte
1158 1295 1381 1362 aestimantur
1393 1318 1454 1362 nec
1472 1295 1562 1362 inter
1585 1301 1760 1385 poetarum
1779 1298 1886 1366 verba
1906 1297 2002 1366 meri·

274 1405 348 1467 tum
369 1399 478 1467 locum
500 1399 712 1466 invenerunt.
765 1399 820 1466 hic
850 1398 958 1486 igitur
979 1399 1101 1482 codex,
1136 1401 1165 1466 B
1189 1423 1264 1467 eum
1285 1400 1360 1467 dico
1382 1423 1456 1466 cum
1476 1399 1708 1484 Boissouedio,
1733 1423 1775 1468 ex
1796 1401 1926 1485 eodem,
1962 1409 2004 1470 ut

273 1505 355 1572 mihi
377 1503 511 1594 quidem
533 1503 687 1585 videtur,
723 1504 906 1593 exemplari
938 1511 1040 1594 atque
1071 1505 1131 1572 illc
1154 1504 1263 1594 suppl.
1287 1529 1319 1570 n.
1343 1504 1426 1584 352,
1466 1527 1562 1593 quem
1584 1504 1749 1572 litteraS
1784 1505 1900 1572 eadem
1933 1528 2001 1595 qua

272 1607 516 1677 Boissonadius
540 1606 710 1694 significo,
743 1629 784 1675 ea
804 1607 839 1674 in
863 1613 961 1694 parte
985 1609 1193 1697 descriptus,
1228 1613 1365 1696 praeter
1387 1606 1474 1674 alias
1496 1608 1621 1674 multas
1644 1607 1786 1675 miscelli
1808 1610 2000 1696 argumenti

274 1711 408 1798 eclogas
431 1711 582 1778 continet
604 1710 743 1778 eandem
765 1711 1002 1779 conlectionem
1035 1713 1239 1800 discerptam
1269 1713 1350 1779 licet
1384 1735 1423 1779 ac
1446 1712 1650 1779 deminutam
1682 1713 1863 1780 carminum
1885 1719 2000 1782 aetate

273 1816 487 1906 praestantia
509 1815 653 1883 materie
675 1815 816 1882 maxime
839 1818 1027 1900 veriorum,
1050 1821 1123 1885 tam
1145 1817 1405 1884 christianorum
1428 1815 1569 1902 originis
1592 1815 1789 1883 recentioris
1811 1815 1999 1883 multitudi-

272 1943 348 1988 nem
363 1943 462 2010 quam
477 1919 662 1986 tenuiorem
677 1919 772 1986 illam
794 1919 1008 2009 antiquorum
1031 1925 1133 2010 etque
1155 1921 1370 2007 profanorum
1394 1919 1561 2002 corollam,
1586 1943 1671 2008 quae
1694 1919 1784 2008 apud
1807 1918 2000 1988 Cramerum

272 2024 391 2113 incipit
414 2048 434 2090 a
455 2022 643 2091 Metrodori
664 2022 840 2091 notissimo
863 2025 1104 2112 epigrammate
1129 2030 1164 2091 et
1185 2024 1335 2114 pertinet
1357 2049 1463 2115 usque
1486 2025 1669 2106 adfinem,
1694 2024 1842 2092 admixto
1864 2047 1926 2112 per
1948 2047 1998 2092 er·

272 2151 381 2196 rorem
403 2125 570 2215 poematio
602 2151 668 2196 uno
690 2128 885 2218 Byzantino
906 2129 1047 2196 iambico
1069 2129 1130 2195 illo
1151 2140 1314 2197 τοσοῦτον
1337 2131 1355 2198 ὁ
1377 2135 1483 2208 πλοῦς
1514 2135 1594 2210 etc,
1629 2129 1732 2196 tertio
1764 2129 1882 2196 statim
1912 2128 1995 2211 loco,

273 2232 364 2321 apud
387 2230 581 2298 Cramerum
603 2256 635 2321 p.
659 2233 733 2314 366,
758 2233 810 2299 18.

404 2335 571 2418 Ordinem,
596 2337 702 2425 quiin
724 2338 875 2425 exemplo
897 2338 1059 2404 communi
1081 2343 1165 2419 erat,
1188 2360 1249 2405 nec
1272 2335 1296 2404 S
1319 2359 1379 2403 nec
1395 2336 1424 2401 Β
1441 2335 1529 2402 omni
1548 2359 1587 2402 ex
1602 2341 1701 2424 parte
1717 2337 1886 2421 servavit3
1911 2361 1997 2426 quae

272 2441 359 2509 illud
382 2439 548 2507 offerebat
571 2440 719 2508 carmina
741 2440 765 2507 S
788 2440 936 2508 fortasse
959 2441 1069 2508 omnia
1090 2441 1169 2510 inde
1191 2441 1389 2522 transtulit,
1428 2440 1528 2530 plura
1550 2445 1641 2508 certe
1664 2439 1687 2508 S
1711 2465 1810 2530 quam
1831 2442 1872 2509 B.
1918 2466 2000 2511 sane

272 2545 405 2636 quidem
427 2544 463 2610 in
485 2543 728 2611 recentioribus
752 2549 788 2612 et
810 2543 1004 2612 christianis
1025 2545 1055 2610 B
1078 2545 1181 2614 habet
1204 2547 1290 2613 satis
1306 2545 1413 2611 multa
1428 2567 1513 2633 quae
1537 2544 1627 2632 apud
1649 2543 1843 2613 Cramerum
1865 2545 1997 2615 frustra

272 2650 425 2740 quaeris,
459 2649 519 2715 sed
549 2649 632 2715 haec
665 2655 726 2716 eut
756 2649 866 2716 omnia
889 2654 949 2715 aut
971 2671 1077 2738 paene
1100 2650 1211 2717 omnia
1233 2651 1410 2737 desumpta
1432 2652 1513 2714 sunt
1535 2670 1577 2714 ex
1599 2648 1708 2716 altero
1730 2650 1842 2733 fonto;
1877 2655 1997 2718 contra

272 2755 385 2823 omisit
408 2754 437 2819 Β
460 2775 526 2820 non
558 2753 609 2820 ita
638 2775 747 2840 pauca
768 2775 900 2834 eorum,
938 2776 1024 2841 quae
1052 2755 1253 2840 legebantur
1274 2753 1309 2820 in
1333 2753 1517 2840 archetypo
1539 2753 1674 2841 utrique
1697 2753 1859 2820 communi
1881 2759 1918 2820 et
1940 2754 1995 2822 de-

271 2857 409 2948 scripsit
419 2856 498 2923 inde
510 2855 544 2924 S.
569 2856 795 2946 antiquiorum
817 2856 998 2923 caminum
1009 2858 1038 2923 B
1051 2858 1217 2926 delectum
1229 2859 1372 2946 praebet
1393 2857 1493 2944 longe
1516 2857 1762 2943 angustiorem,
1786 2880 1827 2924 ea
1848 2857 1920 2925 ins
1935 2881 1994 2926 uu·

270 2969 443 3031 merantur
465 2960 599 3041 CVIH,
634 2960 664 3025 B
688 2983 729 3027 ex
751 2959 914 3027 communi
936 2960 1118 3048 exemplari
1140 2961 1317 3050 desumpta
1338 2961 1457 3042 habet,
1493 2960 1523 3026 si
1545 2960 1709 3048 quaedam
1731 2984 1845 3028 errore
1867 2962 1995 3031 iterata

271 3067 408 3149 omittis,
433 3064 559 3132 XLIV.
583 3064 908 3153 comprehenduntur
930 3063 1063 3152 quidem
1086 3065 1197 3132 codice
1215 3065 1245 3130 B
1268 3064 1337 3132 alia
1360 3064 1604 3152 epigrammata
1625 3065 1818 3155 antiquiore
1840 3066 1883 3149 X,
1908 3090 1994 3158 quae

268 3195 334 3240 uno
357 3173 496 3259 excepto
517 3170 554 3236 in
576 3166 600 3233 S
625 3168 767 3252 desunt,
806 3166 866 3234 sed
897 3189 938 3233 ea
960 3189 1001 3232 ex
1024 3167 1158 3234 diverso
1181 3169 1274 3235 ionte
1297 3168 1492 3236 introducta
1514 3191 1588 3236 esse
1612 3169 1717 3250 satis,
1749 3175 1789 3236 ut
1823 3169 1914 3237 infre
1936 3170 1992 3239 de-

267 3275 478 3357 monstrabo,
503 3273 655 3362 adparet.
711 3271 777 3338 iam
800 3293 881 3338 vero
903 3271 977 3337 fato
999 3270 1143 3360 quodam
1163 3271 1311 3358 maligno
1335 3271 1476 3354 eccidit,
1511 3278 1552 3338 ut
1584 3272 1674 3340 iuter
1696 3272 1814 3340 XLIV
1836 3272 1899 3340 illa
1920 3296 1991 3341 car-

266 3380 358 3448 mina
378 3378 597 3446 inveniantur
619 3374 753 3465 quidem
776 3397 889 3442 eorum
912 3375 1085 3464 quaedem,
1109 3398 1195 3464 quae
1218 3375 1326 3442 adhuc
1349 3398 1390 3442 ex
1413 3375 1495 3442 solis
1519 3375 1574 3442 SB
1598 3376 1767 3443 codicibus
1790 3377 1990 3460 habeantur,

268 3483 328 3552 sed
349 3483 478 3550 nahum
500 3505 542 3548 ex
562 3480 612 3547 eis
635 3502 721 3569 quae
743 3479 779 3544 in
802 3478 913 3546 codice
937 3477 960 3545 S
983 3479 1095 3546 tineas
1117 3502 1278 3569 perpesso
1301 3479 1490 3546 deformata
1506 3479 1636 3547 lacunis
1658 3480 1828 3567 legentur.
1873 3503 1992 3570 nempe

268 3587 355 3654 enim
377 3583 580 3654 verecundia
601 3584 729 3650 facturn
751 3605 825 3650 esse
847 3582 1003 3666 videtur,
1037 3588 1078 3649 ut
1099 3605 1214 3650 musac
1236 3583 1377 3672 puerilis
1401 3582 1583 3671 specimina
1608 3584 1782 3651 admodum
1804 3606 1912 3673 pauca
1934 3585 1991 3653 ad-

267 3693 470 3780 ponerentur
492 3693 528 3756 et
550 3685 699 3755 carmine
720 3686 835 3774 paullo
857 3687 1051 3775 procaciore
1073 3686 1325 3770 omitterentur,
1360 3709 1422 3776 pro
1454 3687 1592 3755 consilio
1623 3688 1763 3754 honeste
1795 3687 1934 3755 docendi
1956 3693 1992 3756 et

266 3793 457 3876 erudiendi,
493 3791 582 3882 quod
603 3792 639 3859 in
662 3792 788 3879 eclogia
811 3791 934 3859 codicis
956 3791 986 3856 B
1009 3791 1161 3860 severius
1186 3791 1289 3860 etiam
1311 3798 1434 3879 regnet
1456 3816 1556 3882 quam
1577 3791 1613 3858 in
1635 3790 1707 3878 8⁸).

394 3899 500 3966 Recte
531 3895 739 3966 Woltersins
771 3897 824 3965 Da
855 3896 1135 3986 epigrammatum
1166 3919 1277 3983 graec.
1309 3897 1514 3984 anthologiis
1546 3920 1579 3985 p.
1603 3897 1644 3962 31
1677 3896 1713 3963 in
1736 3894 1886 3963 Crameri
1920 3895 1991 3985 syl-

265 4003 344 4091 loge
377 4002 526 4090 vestigia
559 4001 806 4071 demonstravit
838 4000 1071 4090 dispositionis
1108 4000 1290 4068 secundnm
1332 4007 1531 4088 argumenta
1578 3999 1760 4068 carminum
1806 3999 1990 4089 prudenter

265 4107 454 4176 institutae.
513 4129 587 4175 eam
608 4129 691 4174 vero
714 4105 969 4194 dispositionem
991 4127 1032 4171 ex
1053 4104 1084 4170 Β
1107 4105 1291 4191 conligitur
1313 4105 1522 4172 subtiliorem
1544 4103 1648 4171 etiam
1680 4104 1786 4172 fuisse
1820 4103 1881 4170 illa
1903 4125 1989 4192 quae

265 4212 300 4280 in
315 4213 350 4279 A
373 4214 591 4296 observetur,
616 4233 817 4301 quamquam
838 4209 879 4294 is,
903 4209 961 4299 qui
977 4210 1006 4275 Β
1031 4231 1072 4276 ex
1095 4208 1239 4276 diversis
1262 4209 1361 4275 libris
1385 4208 1553 4291 conflavit,
1578 4207 1772 4296 antiquiora
1792 4230 1832 4275 ec
1847 4207 1990 4296 profana

373 4397 399 4464 1)
417 4395 552 4451 Volumen
569 4397 583 4450 1
601 4411 635 4450 ex
653 4397 706 4452 hoc
725 4396 818 4452 codice
837 4412 925 4466 paene
943 4412 997 4451 uno
1017 4397 1142 4464 replevit,
1161 4397 1240 4451 uaria
1258 4396 1392 4464 quaedem
1410 4398 1515 4466 recepit
1534 4399 1562 4452 iu
1581 4397 1615 4463 11,
1635 4395 1768 4466 pauciora
1786 4395 1815 4449 iu
1834 4394 1875 4450 111
1892 4401 1920 4450 et
1938 4395 1985 4448 iv.

264 4501 356 4542 varum
374 4487 402 4540 iu
420 4485 483 4540 aliis
501 4501 608 4554 quoque
626 4485 706 4540 libris
735 4486 792 4540 suis
812 4485 1010 4541 Boissousdius
1041 4485 1145 4554 passim
1173 4492 1305 4553 excerpta
1331 4486 1389 4540 cod.
1411 4488 1528 4541 ididia
1546 4486 1665 4542 medium
1684 4483 1794 4552 attulit;
1822 4485 1862 4538 ita
1888 4484 1917 4537 in
1936 4500 1986 4540 uo·

264 4576 301 4630 tis
329 4575 365 4629 ad
403 4573 517 4628 Maximi
556 4573 689 4628 Planudis
720 4575 872 4629 versionem
910 4589 1036 4644 graecam
1072 4575 1328 4642 metamorphoseon
1358 4574 1448 4630 Ovidii
1485 4576 1617 4631 nonnulla
1650 4573 1715 4628 iude
1745 4571 1830 4640 spatii
1858 4570 1989 4640 implendi

264 4679 346 4720 causa
365 4662 550 4732 exprompsit,
570 4661 604 4716 ci.
623 4679 651 4731 p.
669 4663 722 4717 220
740 4679 789 4734 sq,
808 4667 862 4719 314
881 4679 930 4732 sq,
950 4666 1002 4719 370
1021 4679 1070 4732 sq,
1090 4666 1142 4718 462
1162 4679 1211 4730 sq,
1230 4661 1266 4716 ad
1284 4662 1404 4717 Paullum
1423 4661 1456 4717 de
1476 4663 1615 4732 lapidibus
1635 4663 1727 4718 varias
1744 4659 1876 4714 lectiones
1894 4667 1988 4716 enota-

263 4753 302 4807 vit
318 4754 347 4806 iu
367 4752 478 4806 Noricos
495 4755 523 4804 st
540 4751 653 4804 acuatu
670 4750 696 4803 X
714 4753 740 4818 2,
759 4753 826 4819 241,
845 4763 878 4806 ac
897 4751 1001 4821 passim
1019 4751 1048 4804 iu
1066 4750 1140 4806 notis
1159 4748 1195 4803 ed
1214 4749 1365 4803 Herodiaui
1383 4749 1581 4818 Epimcrismcs
1601 4759 1629 4806 et
1647 4751 1684 4807 ad
1702 4749 1844 4806 anecdota
1863 4765 1942 4805 nors.

368 4843 397 4912 2)
417 4839 457 4896 cl.
476 4841 490 4894 1
510 4843 573 4910 1433
595 4841 645 4895 175
664 4855 722 4907 sqq.
743 4841 795 4894 399
813 4855 873 4908 sqq.
892 4841 945 4894 436
964 4855 1032 4908 sqq,
1060 4838 1177 4905 114713
1204 4841 1257 4891 473
1277 4837 1417 4904 usquead
1437 4837 1535 4907 finem,
1562 4840 1673 4896 111437
1693 4857 1766 4911 καφ,
1797 4838 1881 4893 etiam
1901 4839 1978 4894 Bois·

265 4933 371 4989 sousdii
392 4932 597 4988 adnotationem
616 4932 652 4987 ad
670 4931 823 4987 Herodiani
842 4933 1007 5002 partitiones
1026 4948 1053 5001 p.
1075 4933 1135 4985 145.

372 5023 400 5091 3)
418 5021 536 5076 Mutilus
556 5020 665 5088 quidem
683 5029 726 5075 cst
744 5020 767 5073 B
786 5021 816 5073 in
835 5019 897 5090 tine,
915 5020 962 5075 ubi
981 5035 1054 5075 nunc
1071 5018 1141 5074 folia
1159 5018 1213 5074 duo
1227 5017 1435 5072 membranacea
1454 5017 1552 5072 adsuta
1571 5025 1648 5086 suut;
1668 5017 1717 5073 sed
1734 5016 1879 5072 librarium
1903 5031 1937 5070 ca
1954 5015 1984 5071 iu

263 5117 351 5180 parta,
370 5127 441 5179 quae
460 5112 517 5166 iam
536 5111 638 5165 amisse
656 5117 707 5177 est,
726 5108 815 5164 denuo
834 5111 951 5166 rediisse
969 5109 1006 5165 ed
1024 5109 1223 5180 epigrammata
1241 5105 1422 5175 excerpenda,
1443 5105 1478 5161 ob
1503 5107 1711 5176 dispositionem
1729 5106 1827 5162 horum
1846 5105 1982 5161 mucella-

266 5213 378 5255 uectum
396 5201 454 5254 veri
473 5197 618 5254 admodum
636 5197 770 5252 dissimile
789 5205 841 5253 ast.
