4920 6264
1025 659 1278 732 ..23-

294 859 482 946 αραξιτὲλη,
505 867 616 946 rects;
639 859 685 929 ad
707 860 749 927 31
772 864 822 939 είς
842 862 902 926 τὸν
923 861 1038 945 αὐτόν,
1059 859 1164 944 falso,
1187 883 1265 928 nam
1286 859 1371 928 nihil
1394 883 1468 929 esse
1490 860 1544 928 his
1566 860 1722 930 versibus
1744 883 1819 930 cum
1840 861 2024 934 Praxitelis

293 963 458 1054 Cupidine
480 964 592 1054 quivis
615 965 682 1032 cito
704 963 810 1032 videt.
865 969 904 1031 at
924 963 961 1030 in
982 963 1179 1050 anthologia
1200 964 1374 1032 Planudea
1394 965 1477 1033 item
1501 965 1767 1053 superscriptum
1801 971 1856 1034 est
1887 970 1936 1047 sle
1963 971 2023 1036 τὸν

291 1069 558 1156 αὐτόν,Ἔρααα
580 1069 729 1151 scilicet,
761 1067 805 1136 ad
827 1089 925 1157 quem
947 1072 1103 1156 spectant
1125 1091 1166 1136 ea
1196 1090 1281 1157 quae
1311 1069 1461 1157 proxime
1489 1067 1704 1158 praecedunt.
1758 1069 1826 1138 iam
1848 1093 1922 1139 cum
1942 1071 2024 1142 haee

290 1175 356 1242 duo
377 1174 547 1263 poematia
576 1174 679 1242 etiam
699 1173 736 1240 in
758 1171 782 1241 S
815 1194 851 1240 se
883 1172 1052 1261 excipiant
1083 1178 1118 1240 et
1139 1173 1217 1241 hinc
1239 1195 1280 1241 ea
1302 1173 1369 1240 iam
1390 1174 1427 1240 in
1449 1174 1599 1262 exemplo
1621 1173 1772 1242 codicum
1793 1173 1848 1242 SB
1871 1198 1908 1244 se
1930 1199 2022 1245 exce

290 1279 381 1367 pisse
404 1278 577 1366 adpareat,
601 1278 638 1346 id
659 1276 850 1346 derivatum
873 1298 947 1343 esse
969 1277 1175 1365 perspicitur
1198 1299 1239 1344 cx
1268 1277 1453 1366 archetypo
1470 1279 1691 1367 locupletiore
1713 1279 1748 1346 in
1771 1302 1836 1370 quo
1858 1282 2021 1370 quaedem

291 1383 360 1452 alia
382 1383 426 1451 ad
449 1381 647 1472 Cupidinem
667 1380 876 1470 pertinentia
895 1380 1044 1447 carmina
1064 1381 1268 1470 interposita
1289 1382 1426 1465 fuerint,
1448 1387 1489 1449 ut
1502 1383 1539 1449 in
1552 1382 1726 1452 Planudea
1749 1407 1834 1474 quas
1856 1387 2020 1456 intercur·

291 1493 372 1554 runt
393 1491 554 1576 quattuor
577 1490 733 1574 spectant
755 1483 865 1553 omnia
887 1485 931 1553 ad
951 1484 1089 1551 Amoris
1111 1486 1219 1572 signa.

422 1589 596 1679 Superest,
619 1595 660 1657 ut
680 1589 723 1658 de
746 1590 795 1657 eis
827 1588 935 1656 dicam
966 1589 1120 1677 syllegae
1142 1589 1173 1654 Β
1196 1589 1448 1678 epigrammatis
1470 1591 1734 1674 vetustioribus,
1766 1615 1852 1681 qnae
1882 1594 2018 1664 aliunde

291 1700 567 1783 supervenerunt.
612 1695 649 1762 in
661 1694 723 1778 his,
748 1700 788 1761 ut
801 1694 891 1761 inter
908 1693 1095 1762 christiane
1110 1694 1267 1776 carmina,
1291 1693 1374 1761 item
1388 1717 1490 1762 unum
1512 1695 1684 1764 invenitur
1706 1696 1795 1784 quod
1817 1698 1920 1766 etiarn
1941 1699 2017 1770 ins

291 1803 395 1866 extat.
440 1803 479 1866 et
501 1798 587 1866 enim
611 1804 647 1865 et
669 1797 817 1866 auctoris
840 1797 971 1864 nomine
994 1797 1197 1864 instructum
1218 1798 1305 1865 illud
1327 1805 1381 1866 est
1402 1799 1439 1866 in
1455 1798 1496 1881 Β,
1521 1803 1556 1866 et
1577 1805 1653 1866 tota
1676 1800 1801 1886 ecloga,
1825 1823 1892 1890 qua
1913 1804 2018 1871 eonti-

291 1908 401 1984 nctur,
424 1903 467 1970 ab
490 1900 514 1969 S
538 1903 645 1986 abest,
669 1908 714 1985 et,
737 1901 826 1991 quod
849 1901 1095 1988 gravissimum,
1120 1902 1299 1989 scripturis
1315 1902 1397 1970 adeo
1414 1901 1594 1991 discrepat,
1618 1908 1658 1970 ut
1676 1903 1717 1971 de
1739 1904 1833 1972 fonte
1856 1907 2018 1974 communi

291 2008 421 2075 omnino
453 2007 598 2095 cogitari
628 2029 694 2073 nou
724 2005 844 2094 possit.
897 2004 971 2072 dico
993 2005 1179 2073 Metrodori
1210 2007 1415 2094 epigramma
1445 2011 1608 2093 παντοίην
1638 2011 1783 2093 βιότοιο,
1820 2010 1909 2098 quod
1938 2009 2017 2080 ins

287 2112 472 2200 principem
493 2112 602 2179 locum
624 2110 727 2178 habet
748 2111 839 2178 inter
861 2110 1001 2200 antiqua
1023 2117 1059 2178 et
1080 2111 1170 2200 apud
1182 2110 1375 2180 Crumerum
1396 2112 1526 2199 legitur
1546 2135 1579 2201 p.
1593 2113 1667 2194 366,
1690 2114 1722 2179 4.
1746 2119 1783 2180 et
1805 2137 1878 2181 oum
1895 2115 1926 2181 B
1944 2139 2017 2186 car·

289 2218 412 2284 minum
433 2238 497 2305 par
518 2216 729 2283 notissimum
751 2222 787 2282 et
809 2238 831 2282 a
851 2215 1002 2283 librariis
1025 2239 1125 2304 saepe
1147 2217 1346 2304 repetitum,
1385 2217 1530 2284 alterum
1551 2217 1726 2306 Posidippi
1753 2223 1855 2305 ποίην
1875 2244 1927 2298 τις
1947 2224 2018 2306 βοά

288 2345 369 2407 roso,
392 2321 537 2390 alterum
560 2344 581 2388 a
601 2319 795 2388 Metrodoro
817 2319 974 2407 parodioe
997 2325 1115 2388 contra
1138 2319 1309 2409 scripturn,
1332 2326 1372 2388 ut
1394 2320 1438 2388 A.
1457 2320 1494 2386 Ρ.
1507 2320 1561 2387 IX
1583 2321 1647 2387 359
1670 2327 1706 2388 et
1727 2321 1793 2388 360
1816 2323 2018 2392 coniunctim

287 2425 460 2513 receperit,
485 2423 510 2492 S
531 2429 665 2492 tentum
686 2423 783 2490 modo
806 2423 987 2491 secundum
1008 2425 1153 2493 exhibet.
1206 2426 1243 2491 in
1264 2425 1294 2491 Β
1325 2425 1432 2513 priori
1463 2425 1612 2514 praefixa
1642 2426 1818 2514 inscriptio
1850 2427 1905 2495 e'st
1935 2430 2014 2516 ἡρα-

286 2533 420 2595 νλείτον
448 2537 510 2596 τοῦ
540 2530 733 2614 φιλοσόφον
762 2529 845 2593 κατὰ
873 2537 935 2595 τοῦ
964 2531 1043 2613 βίον
1054 2529 1097 2614 ¹),
1129 2529 1230 2596 alteri
1262 2531 1466 2616 δημοκρίτοα
1496 2539 1557 2597 τοῦ
1589 2533 1783 2617 φιλοσόφον
1803 2533 2012 2620 τούναντίον,

287 2631 455 2700 Heracliti
477 2632 565 2699 enim
586 2631 698 2698 tristis
722 2637 757 2698 et
778 2629 921 2697 ridentis
939 2629 1123 2698 Democriti
1145 2632 1260 2698 vultus
1284 2633 1468 2719 exprimere
1490 2631 1572 2699 haec
1595 2634 1766 2701 contraria
1788 2637 1936 2704 carmine
1957 2637 2015 2705 ho·

289 2735 432 2802 minibus
455 2735 657 2824 Byzantinis
680 2734 898 2818 videbantur;
922 2734 1068 2802 alterum
1081 2735 1125 2802 in
1147 2734 1259 2802 codice
1281 2735 1438 2803 Palatino
1461 2735 1586 2804 dicitnr
1607 2736 1781 2825 Posidippi
1804 2737 1877 2806 sive
1898 2739 2012 2808 Plato·

289 2840 341 2907 nis
363 2840 488 2923 comici,
512 2841 547 2906 in
569 2839 740 2907 Planudeo
756 2838 931 2927 Posidippi
953 2838 1025 2906 sive
1048 2837 1197 2907 Cratetis
1220 2840 1339 2928 cynici,
1363 2840 1507 2908 alterum
1530 2839 1718 2909 Metrodori
1740 2849 1777 2910 et
1797 2843 1834 2909 in
1854 2843 2012 2912 Palatino

291 2945 381 3012 etin
403 2945 586 3013 Plauudco.

417 3050 491 3118 Iam
513 3048 537 3117 S
568 3049 695 3138 repetit
723 3048 796 3116 fere
828 3071 901 3116 eam
923 3049 1041 3115 horum
1062 3071 1220 3117 versuum
1243 3049 1454 3138 scripturam,
1479 3071 1564 3138 quae
1587 3072 1628 3117 cx
1650 3050 1846 3136 anthologia
1867 3056 2011 3141 utraque

289 3154 426 3240 volgata
448 3160 511 3236 est,
534 3154 667 3221 nonnisi
688 3153 839 3220 minutiis
863 3153 1061 3242 quibusdam
1084 3154 1339 3241 discrepantem,
1362 3153 1531 3242 inquibus
1543 3158 1623 3222 sunt
1632 3155 1739 3222 bonae
1762 3155 1923 3223 lectiones
1945 3157 2012 3222 ae

289 3257 518 3346 ἐλαφρότερος,
541 3281 626 3348 quae
648 3257 821 3325 invenitur
842 3258 945 3324 etiam
966 3258 1002 3324 in
1024 3257 1064 3340 B,
1087 3281 1120 3324 v.
1145 3257 1187 3323 10
1208 3262 1305 3342 βίον,
1328 3263 1367 3323 ut
1389 3257 1603 3344 anthologiae
1626 3257 1800 3325 Planudea
1822 3264 1858 3324 et
1879 3257 2011 3346 Euphe-

290 3363 399 3430 miena
412 3363 555 3438 ,habent
601 3371 719 3431 contra
739 3363 775 3430 in
797 3363 846 3446 B,
880 3368 1115 3451 praeterquam
1138 3362 1227 3450 quod
1248 3383 1368 3428 versus
1390 3363 1411 3427 2
1433 3361 1695 3450 interpolatione
1715 3361 1772 3428 ναὶ
1794 3362 1924 3448 ἀγαθαί
1942 3385 2012 3432 cor·

289 3473 408 3555 ruptus
439 3473 494 3535 est
524 3473 560 3535 et
589 3468 751 3536 librarius
773 3493 806 3535 v.
829 3468 850 3534 3
873 3466 1048 3535 scribendo
1071 3465 1108 3532 ἐν
1129 3466 1165 3532 d'
1191 3465 1330 3554 ἀγοραῖς
1349 3467 1505 3553 ναμάτων
1528 3468 1602 3545 ἅλις
1624 3467 1660 3533 in
1681 3465 1857 3555 Posidippi
1879 3489 2012 3536 carmen

289 3572 477 3655 aberravit,
512 3573 563 3640 ita
595 3579 708 3642 temen
730 3579 769 3639 ut
790 3595 892 3640 verae
915 3572 1103 3660 scripturae
1126 3571 1327 3658 particulam
1350 3578 1504 3639 servaret
1515 3572 1559 3659 ²),
1593 3572 1754 3640 nonnulla
1782 3579 2015 3660 proponuntur

288 3677 440 3762 graviter
462 3677 648 3764 evulgatis
668 3677 902 3762 abhorrentie;
926 3683 1028 3765 atque
1051 3682 1105 3744 est
1127 3676 1291 3743 dissensio
1311 3699 1351 3743 ea
1373 3698 1458 3763 quae
1480 3661 1552 3743 lere
1576 3676 1659 3744 oriri
1677 3677 1787 3744 soleat
1808 3677 1844 3744 in
1858 3677 2013 3745 versibus

288 3781 424 3848 multum
448 3783 626 3849 celebratis
650 3789 685 3848 et
706 3781 802 3849 varic
824 3781 998 3868 usurpatis
1021 3803 1060 3847 ac
1083 3779 1231 3846 deflexis.
1286 3787 1339 3846 est
1370 3787 1483 3847 autem
1513 3781 1571 3847 ubi
1594 3781 1624 3846 B
1645 3781 1897 3869 praestantiora
1918 3804 2014 3870 prae·

288 3887 366 3956 bere
388 3889 555 3956 videatur.
600 3914 633 3956 v.
657 3890 678 3955 7
700 3889 805 3956 habet
826 3888 963 3975 egregie
985 3887 1084 3954 τέκνα
1107 3887 1229 3972 φάος,
1252 3884 1353 3970 volgo
1375 3885 1504 3972 legitur
1526 3885 1624 3953 τέκνα
1647 3885 1802 3972 eddom,
1825 3885 1883 3952 ubi
1905 3889 2015 3964 πίθος

394 4118 421 4190 1)
441 4119 471 4172 In
498 4117 557 4174 cod.
577 4118 667 4175 Paris.
687 4118 753 4174 bibl.
772 4127 829 4174 nat.
848 4135 874 4173 n.
895 4121 977 4185 1191,
1007 4133 1078 4174 saec.
1098 4116 1171 4186 XIV,
1191 4118 1238 4186 qai
1257 4133 1283 4186 p.
1303 4119 1338 4171 ’19
1357 4124 1385 4172 et
1403 4121 1452 4172 '12'
1480 4115 1575 4172 eadem
1603 4116 1726 4170 carmina
1750 4114 1888 4180 continet,
1916 4127 2011 4182 snper·

287 4207 419 4276 scriptum
437 4215 479 4262 est
496 4205 648 4277 ἡρακλείαν
666 4209 711 4263 τοῦ
728 4206 883 4278 φιλοσόφον
901 4210 966 4261 κατὰ
985 4207 1029 4261 rod
1048 4205 1227 4276 drepanius
1245 4209 1322 4275 βίον,
1351 4213 1379 4260 et
1399 4205 1561 4277 δνμοκρίιοο
1579 4204 1734 4274 φιλοσόφον
1751 4202 1915 4258 τούναντίον.

392 4295 422 4364 2)
440 4295 499 4350 Pal.
518 4303 546 4350 et
564 4296 642 4353 Plan.
660 4315 721 4353 cum
738 4298 930 4366 Euphemiana
954 4299 983 4351 ίν
1001 4295 1028 4350 δ’
1048 4296 1146 4368 ἀγροῖς
1166 4297 1263 4364 ρίαας
1276 4297 1372 4366 χάρις,
1399 4295 1567 4364 Posidippus
1592 4293 1714 4362 compari
1739 4293 1800 4347 loco
1819 4293 1848 4346 Ιν
1867 4291 1892 4344 d'
1911 4289 2010 4362 ἀγροῖς

286 4383 414 4455 καμάτων
432 4381 499 4445 tac.
517 4385 540 4438 B
559 4387 643 4442 etiam
661 4389 707 4442 hic
725 4403 821 4444 errore
839 4387 934 4442 eodem
952 4389 981 4441 tr
998 4387 1026 4441 a*
1043 4386 1161 4458 ἀγοραῖς
1178 4386 1270 4440 habet.
1307 4385 1376 4440 nihil
1395 4382 1492 4439 dubito
1511 4383 1577 4451 quin
1595 4379 1781 4448 Metrodorus,
1800 4380 1846 4449 qui
1865 4379 2009 4449 Posidippi

288 4487 380 4529 versus
399 4475 565 4544 detorquens
584 4483 612 4529 et
630 4475 775 4544 dillingens
799 4475 914 4545 singulis
934 4475 1075 4530 vocabulis
1099 4475 1256 4542 litterisque
1280 4487 1362 4542 quam
1390 4473 1529 4527 artissime
1557 4469 1691 4537 adhaesit,
1719 4465 1780 4528 erac
1807 4469 1953 4524 retinuerit
1981 4476 2009 4522 ot

288 4563 364 4618 modo
384 4563 586 4618 substantivum
605 4565 769 4634 mutaveri13
801 4580 862 4618 eum
893 4565 1039 4632 scripsisse
1067 4571 1135 4632 puto
1162 4566 1190 4618 1ο
1208 4563 1235 4616 δ’
1254 4562 1351 4634 ἀγροῖς
1365 4565 1522 4634 χαρίτων
1541 4559 1634 4623 ὅλος,
1666 4558 1738 4613 unde
1756 4567 1846 4613 ortum
1865 4565 1893 4613 et
1911 4557 2008 4626 pictor

283 4653 363 4722 χάρις
381 4659 410 4707 et
427 4651 500 4722 quod
519 4653 547 4706 in
567 4653 626 4709 cod.
644 4654 709 4708 Par.
733 4657 800 4710 1191
820 4654 921 4723 legitur
939 4654 979 4707 νίν
997 4653 1092 4724 ἀγροῖς
1110 4653 1139 4707 di
1158 4654 1231 4723 ροριὶ
1247 4655 1339 4724 χάρις,
1360 4659 1506 4720 utrumque
1524 4651 1633 4717 bonum,
1663 4655 1692 4703 at
1710 4663 1765 4704 non
1783 4648 1936 4716 genuinum.
1974 4661 2014 4702 ac

287 4739 357 4796 lavet
376 4741 551 4796 coniecturae
568 4758 645 4798 meae
664 4744 782 4800 imitatio
800 4743 901 4798 Iuliani
922 4743 1052 4812 Aegyptii
1070 4743 1103 4796 Δ.
1123 4743 1153 4797 Ρ.
1173 4743 1213 4797 IX
1232 4745 1293 4810 446,
1312 4746 1328 4797 9
1348 4739 1435 4812 typi<
1459 4743 1552 4812 ripuar
1580 4739 1651 4810 dyst.
1700 4745 1820 4792 cetarum
1845 4736 1926 4792 huius
1955 4737 2011 4806 epi·

286 4830 444 4897 grammatic
462 4847 487 4884 v.
504 4833 522 4885 4
541 4831 634 4900 inepte
651 4833 753 4900 legitur
770 4834 799 4886 dr
817 4831 845 4886 di
864 4831 963 4902 γάμων
981 4833 1055 4892 σίνος
1073 4831 1251 4902 ὀμορρονὲεο,
1279 4829 1475 4886 emendandum
1502 4837 1545 4886 est
1564 4831 1636 4887 atnoe
1653 4825 1833 4896 ίνφρόαονος,
1858 4823 1892 4880 cl.
1910 4826 2015 4880 Metro·

286 4917 343 4976 dori
361 4938 386 4975 s.
405 4923 423 4975 t
441 4922 510 4991 ἔχοις
527 4921 635 4992 νόμον·
655 4925 730 4983 elno:
747 4922 854 4992 ἄρκιος
871 4923 985 4986 ἔσαναν,
1004 4920 1051 4976 ubi
1069 4923 1143 4982 οινας
1161 4921 1270 4992 ἄριστός
1287 4921 1420 4988 Bothius,
1446 4921 1474 4974 in
1494 4919 1598 4988 ἄρκιος
1616 4923 1691 4971 recte
1710 4911 1857 4969 offendens.
1894 4911 2016 4968 fortasse

285 5015 407 5074 praesta
423 5010 540 5078 ίρασιίς.

387 5101 419 5168 ,3)
438 5099 694 5155 Enontiatumvero
713 5105 801 5155 totum
819 5099 860 5153 its
877 5098 1064 5164 οίννααίθος,
1084 5099 1380 5169 ἅρροναςᾶααοςρίος.
1409 5093 1710 5152 metricausaBothius
1728 5089 1875 5159 νᾶφροντκ
1891 5087 2013 5156 scripsit,

285 5201 338 5242 non
364 5189 465 5244 melius
494 5205 602 5244 versum
629 5190 794 5246 sustentavit
825 5189 849 5242 is
877 5204 894 5243 a
925 5205 978 5258 quo
998 5189 1100 5244 codicis
1119 5189 1183 5244 Par.
1205 5191 1270 5242 1191
1292 5188 1375 5243 lectio
1395 5187 1520 5255 prolecta
1538 5193 1580 5239 eet
1599 5183 1673 5250 φίας
1690 5180 1717 5250 γ’
1736 5177 1871 5248 ἄφρονας.
1907 5175 2014 5244 expulit

285 5276 418 5346 οίρρονας
436 5278 529 5334 nescio
550 5278 622 5347 quod
642 5279 859 5343 substantivum,
890 5277 963 5344 quod
993 5293 1010 5332 a
1036 5285 1205 5334 consonante
1224 5276 1358 5345 incipiens
1378 5275 1473 5366 meliup
1493 5271 1678 5341 respondebat
1696 5265 1829 5323 vocabulo
1847 5264 2013 5335 ripuaria
