<?xml version="1.0" encoding="UTF-8"?>
<!DOCTYPE html PUBLIC "-//W3C//DTD XHTML 1.0 Transitional//EN"
    "http://www.w3.org/TR/xhtml1/DTD/xhtml1-transitional.dtd">
<html xmlns="http://www.w3.org/1999/xhtml" xml:lang="en" lang="en">
 <head>
  <title>
</title>
<meta http-equiv="Content-Type" content="text/html;charset=utf-8" />
  <meta name='ocr-system' content='tesseract 3.04.00' />
  <meta name='ocr-capabilities' content='ocr_page ocr_carea ocr_par ocr_line ocrx_word'/>
</head>
<body>
  <div class='ocr_page' id='page_1' title='image "./deepigrammatumg00diltgoog_0014.png"; bbox 0 0 4920 6264; ppageno 0'>
   <div class='ocr_carea' id='block_1_1' title="bbox 979 624 1213 693">
    <p class='ocr_par' dir='ltr' id='par_1_1' title="bbox 979 624 1213 693">
     <span class='ocr_line' id='line_1_1' title="bbox 979 624 1213 693; baseline 0 -17"><span class='ocrx_word' id='word_1_1' title='bbox 979 624 1213 693; x_wconf 60' lang='lat'><strong>„9-</strong></span> 
     </span>
    </p>
   </div>
   <div class='ocr_carea' id='block_1_2' title="bbox 228 819 1961 2576">
    <p class='ocr_par' dir='ltr' id='par_1_2' title="bbox 228 819 1961 1641">
     <span class='ocr_line' id='line_1_2' title="bbox 322 819 1955 912; baseline -0.005 -17"><span class='ocrx_word' id='word_1_2' title='bbox 322 909 323 912; x_wconf 8' lang='grc' dir='ltr'><strong>Ἴ</strong></span> <span class='ocrx_word' id='word_1_3' title='bbox 361 827 528 896; x_wconf 89' lang='lat' dir='ltr'><strong>Vltimum</strong></span> <span class='ocrx_word' id='word_1_4' title='bbox 551 823 735 906; x_wconf 78' lang='lat' dir='ltr'><strong>distichon,</strong></span> <span class='ocrx_word' id='word_1_5' title='bbox 766 821 889 910; x_wconf 87' lang='lat' dir='ltr'><strong>inquo</strong></span> <span class='ocrx_word' id='word_1_6' title='bbox 912 822 1061 908; x_wconf 72' lang='grc' dir='ltr'><strong><em>δαμάλης</em></strong></span> <span class='ocrx_word' id='word_1_7' title='bbox 1083 821 1150 889; x_wconf 92' lang='lat' dir='ltr'><strong>iam</strong></span> <span class='ocrx_word' id='word_1_8' title='bbox 1172 820 1361 890; x_wconf 84' lang='lat' dir='ltr'><strong>Meinekius</strong></span> <span class='ocrx_word' id='word_1_9' title='bbox 1383 819 1555 903; x_wconf 77' lang='lat' dir='ltr'>restituit,</span> <span class='ocrx_word' id='word_1_10' title='bbox 1578 819 1656 886; x_wconf 93' lang='lat' dir='ltr'><strong>huic</strong></span> <span class='ocrx_word' id='word_1_11' title='bbox 1679 819 1819 887; x_wconf 79' lang='lat' dir='ltr'>carmini</span> <span class='ocrx_word' id='word_1_12' title='bbox 1841 840 1955 888; x_wconf 87' lang='lat' dir='ltr'><strong>errore</strong></span> 
     </span>
     <span class='ocr_line' id='line_1_3' title="bbox 231 922 1959 1016; baseline -0.006 -16"><span class='ocrx_word' id='word_1_13' title='bbox 231 933 333 1002; x_wconf 86' lang='lat' dir='ltr'><strong>etiam</strong></span> <span class='ocrx_word' id='word_1_14' title='bbox 360 931 446 998; x_wconf 88' lang='lat' dir='ltr'><strong>alias</strong></span> <span class='ocrx_word' id='word_1_15' title='bbox 476 930 541 997; x_wconf 87' lang='lat' dir='ltr'><strong>hac</strong></span> <span class='ocrx_word' id='word_1_16' title='bbox 570 929 606 996; x_wconf 94' lang='lat' dir='ltr'><strong>in</strong></span> <span class='ocrx_word' id='word_1_17' title='bbox 639 927 771 1016; x_wconf 82' lang='lat' dir='ltr'>sylloge</span> <span class='ocrx_word' id='word_1_18' title='bbox 803 924 976 994; x_wconf 90' lang='lat' dir='ltr'><strong>commisso</strong></span> <span class='ocrx_word' id='word_1_19' title='bbox 1009 925 1203 992; x_wconf 79' lang='lat' dir='ltr'><strong>adhaesisse</strong></span> <span class='ocrx_word' id='word_1_20' title='bbox 1227 923 1396 992; x_wconf 88' lang='lat' dir='ltr'><strong>sententia</strong></span> <span class='ocrx_word' id='word_1_21' title='bbox 1426 946 1567 1013; x_wconf 88' lang='lat' dir='ltr'><strong>prorsus</strong></span> <span class='ocrx_word' id='word_1_22' title='bbox 1599 923 1711 992; x_wconf 91' lang='lat' dir='ltr'><strong>aliena</strong></span> <span class='ocrx_word' id='word_1_23' title='bbox 1741 922 1891 990; x_wconf 81' lang='lat' dir='ltr'><strong>ostendit</strong></span> <span class='ocrx_word' id='word_1_24' title='bbox 1923 930 1959 990; x_wconf 88' lang='lat' dir='ltr'><strong>st</strong></span> 
     </span>
     <span class='ocr_line' id='line_1_4' title="bbox 228 1026 1953 1126; baseline -0.006 -23"><span class='ocrx_word' id='word_1_25' title='bbox 228 1035 473 1126; x_wconf 77' lang='lat' dir='ltr'><strong>particulayoio</strong></span> <span class='ocrx_word' id='word_1_26' title='bbox 495 1035 637 1101; x_wconf 88' lang='lat' dir='ltr'><strong>moleste</strong></span> <span class='ocrx_word' id='word_1_27' title='bbox 660 1029 811 1120; x_wconf 90' lang='lat' dir='ltr'><strong>repetita</strong></span> <span class='ocrx_word' id='word_1_28' title='bbox 833 1029 1016 1096; x_wconf 88' lang='lat' dir='ltr'><strong>confirmat.</strong></span> <span class='ocrx_word' id='word_1_29' title='bbox 1060 1030 1223 1096; x_wconf 81' lang='lat' dir='ltr'><strong>relicuum</strong></span> <span class='ocrx_word' id='word_1_30' title='bbox 1244 1029 1331 1096; x_wconf 93' lang='lat' dir='ltr'><strong>illud</strong></span> <span class='ocrx_word' id='word_1_31' title='bbox 1354 1033 1408 1095; x_wconf 90' lang='lat' dir='ltr'><strong>est</strong></span> <span class='ocrx_word' id='word_1_32' title='bbox 1429 1029 1470 1095; x_wconf 92' lang='lat' dir='ltr'><strong>de</strong></span> <span class='ocrx_word' id='word_1_33' title='bbox 1493 1028 1560 1094; x_wconf 91' lang='lat' dir='ltr'><strong>alio</strong></span> <span class='ocrx_word' id='word_1_34' title='bbox 1584 1027 1833 1116; x_wconf 80' lang='lat' dir='ltr'><strong>epigrammate,</strong></span> <span class='ocrx_word' id='word_1_35' title='bbox 1858 1026 1953 1094; x_wconf 86' lang='lat' dir='ltr'><strong>euius</strong></span> 
     </span>
     <span class='ocr_line' id='line_1_5' title="bbox 229 1132 1960 1228; baseline -0.005 -20"><span class='ocrx_word' id='word_1_36' title='bbox 229 1139 364 1208; x_wconf 88' lang='lat' dir='ltr'><strong>initium</strong></span> <span class='ocrx_word' id='word_1_37' title='bbox 385 1137 489 1228; x_wconf 86' lang='lat' dir='ltr'><strong>periit</strong></span> <span class='ocrx_word' id='word_1_38' title='bbox 520 1144 555 1206; x_wconf 92' lang='lat' dir='ltr'><strong>ct</strong></span> <span class='ocrx_word' id='word_1_39' title='bbox 584 1137 674 1226; x_wconf 89' lang='lat' dir='ltr'><strong>quod</strong></span> <span class='ocrx_word' id='word_1_40' title='bbox 707 1134 749 1203; x_wconf 95' lang='lat' dir='ltr'><strong>ob</strong></span> <span class='ocrx_word' id='word_1_41' title='bbox 773 1139 946 1202; x_wconf 82' lang='lat' dir='ltr'><strong>externam</strong></span> <span class='ocrx_word' id='word_1_42' title='bbox 968 1135 1160 1220; x_wconf 86' lang='lat' dir='ltr'><strong>argumenti</strong></span> <span class='ocrx_word' id='word_1_43' title='bbox 1189 1133 1459 1217; x_wconf 85' lang='lat' dir='ltr'><strong>similitudinem,</strong></span> <span class='ocrx_word' id='word_1_44' title='bbox 1494 1155 1580 1222; x_wconf 90' lang='lat' dir='ltr'><strong>quac</strong></span> <span class='ocrx_word' id='word_1_45' title='bbox 1609 1133 1644 1198; x_wconf 91' lang='lat' dir='ltr'><strong>in</strong></span> <span class='ocrx_word' id='word_1_46' title='bbox 1671 1133 1775 1199; x_wconf 91' lang='lat' dir='ltr'><strong>verbo</strong></span> <span class='ocrx_word' id='word_1_47' title='bbox 1805 1132 1960 1200; x_wconf 79' lang='grc' dir='ltr'><strong><em>κλέπτειν</em></strong></span> 
     </span>
     <span class='ocr_line' id='line_1_6' title="bbox 232 1239 1959 1330; baseline -0.003 -20"><span class='ocrx_word' id='word_1_48' title='bbox 232 1243 287 1330; x_wconf 88' lang='lat' dir='ltr'><strong>(of.</strong></span> <span class='ocrx_word' id='word_1_49' title='bbox 310 1267 344 1310; x_wconf 86' lang='lat' dir='ltr'><strong>v.</strong></span> <span class='ocrx_word' id='word_1_50' title='bbox 367 1243 388 1308; x_wconf 79' lang='lat'><strong>2</strong></span> <span class='ocrx_word' id='word_1_51' title='bbox 412 1250 448 1309; x_wconf 88' lang='lat' dir='ltr'><strong>et</strong></span> <span class='ocrx_word' id='word_1_52' title='bbox 469 1242 504 1328; x_wconf 87' lang='lat'><strong>5)</strong></span> <span class='ocrx_word' id='word_1_53' title='bbox 536 1240 577 1308; x_wconf 90' lang='lat' dir='ltr'><strong>de</strong></span> <span class='ocrx_word' id='word_1_54' title='bbox 607 1240 735 1308; x_wconf 86' lang='lat' dir='ltr'><strong>furtivo</strong></span> <span class='ocrx_word' id='word_1_55' title='bbox 759 1263 872 1308; x_wconf 88' lang='lat' dir='ltr'><strong>amore</strong></span> <span class='ocrx_word' id='word_1_56' title='bbox 893 1240 1073 1329; x_wconf 80' lang='lat' dir='ltr'><strong>utrobique</strong></span> <span class='ocrx_word' id='word_1_57' title='bbox 1095 1246 1260 1330; x_wconf 87' lang='lat' dir='ltr'><strong>usurpato</strong></span> <span class='ocrx_word' id='word_1_58' title='bbox 1284 1241 1449 1323; x_wconf 89' lang='lat' dir='ltr'><strong>cernitur,</strong></span> <span class='ocrx_word' id='word_1_59' title='bbox 1482 1241 1518 1306; x_wconf 92' lang='lat' dir='ltr'><strong>in</strong></span> <span class='ocrx_word' id='word_1_60' title='bbox 1541 1240 1746 1308; x_wconf 89' lang='lat' dir='ltr'><strong>conlectione</strong></span> <span class='ocrx_word' id='word_1_61' title='bbox 1770 1239 1959 1328; x_wconf 83' lang='lat' dir='ltr'><strong>antiquiore</strong></span> 
     </span>
     <span class='ocr_line' id='line_1_7' title="bbox 232 1342 1961 1434; baseline -0.002 -21"><span class='ocrx_word' id='word_1_62' title='bbox 232 1346 346 1414; x_wconf 89' lang='lat' dir='ltr'><strong>sedem</strong></span> <span class='ocrx_word' id='word_1_63' title='bbox 365 1367 452 1434; x_wconf 88' lang='lat' dir='ltr'><strong>pone</strong></span> <span class='ocrx_word' id='word_1_64' title='bbox 474 1343 560 1411; x_wconf 89' lang='lat' dir='ltr'><strong>illud</strong></span> <span class='ocrx_word' id='word_1_65' title='bbox 581 1348 703 1432; x_wconf 87' lang='lat' dir='ltr'><strong>poetae</strong></span> <span class='ocrx_word' id='word_1_66' title='bbox 726 1342 900 1411; x_wconf 83' lang='lat' dir='ltr'><strong>Gadareni</strong></span> <span class='ocrx_word' id='word_1_67' title='bbox 921 1345 1108 1412; x_wconf 88' lang='lat' dir='ltr'><strong>invenerat.</strong></span> <span class='ocrx_word' id='word_1_68' title='bbox 1161 1369 1238 1411; x_wconf 87' lang='lat' dir='ltr'><strong>nam</strong></span> <span class='ocrx_word' id='word_1_69' title='bbox 1260 1343 1486 1430; x_wconf 85' lang='lat' dir='ltr'><strong>Meleagri</strong></span> <span class='ocrx_word' id='word_1_70' title='bbox 1516 1344 1578 1410; x_wconf 91' lang='lat' dir='ltr'><strong>hoe</strong></span> <span class='ocrx_word' id='word_1_71' title='bbox 1601 1367 1731 1432; x_wconf 89' lang='lat' dir='ltr'><strong>quoque</strong></span> <span class='ocrx_word' id='word_1_72' title='bbox 1755 1344 1961 1431; x_wconf 83' lang='lat' dir='ltr'><strong>epigramma</strong></span> 
     </span>
     <span class='ocr_line' id='line_1_8' title="bbox 233 1445 1961 1537; baseline -0.003 -20"><span class='ocrx_word' id='word_1_73' title='bbox 233 1473 318 1533; x_wconf 89' lang='lat' dir='ltr'><strong>esse,</strong></span> <span class='ocrx_word' id='word_1_74' title='bbox 341 1449 396 1516; x_wconf 91' lang='lat' dir='ltr'><strong>oui</strong></span> <span class='ocrx_word' id='word_1_75' title='bbox 417 1448 622 1516; x_wconf 89' lang='lat' dir='ltr'><strong>emendando</strong></span> <span class='ocrx_word' id='word_1_76' title='bbox 646 1469 781 1537; x_wconf 87' lang='lat' dir='ltr'><strong>operam</strong></span> <span class='ocrx_word' id='word_1_77' title='bbox 803 1471 890 1516; x_wconf 92' lang='lat' dir='ltr'><strong>nunc</strong></span> <span class='ocrx_word' id='word_1_78' title='bbox 913 1449 1076 1531; x_wconf 88' lang='lat' dir='ltr'><strong>dedimus,</strong></span> <span class='ocrx_word' id='word_1_79' title='bbox 1100 1449 1231 1535; x_wconf 86' lang='lat' dir='ltr'><strong>conligo</strong></span> <span class='ocrx_word' id='word_1_80' title='bbox 1254 1447 1460 1515; x_wconf 85' lang='lat' dir='ltr'><strong>exOleobuli</strong></span> <span class='ocrx_word' id='word_1_81' title='bbox 1482 1447 1623 1530; x_wconf 92' lang='lat' dir='ltr'><strong>nomine,</strong></span> <span class='ocrx_word' id='word_1_82' title='bbox 1648 1447 1690 1514; x_wconf 88' lang='lat' dir='ltr'><strong>cf.</strong></span> <span class='ocrx_word' id='word_1_83' title='bbox 1706 1447 1750 1513; x_wconf 88' lang='lat' dir='ltr'><strong>A.</strong></span> <span class='ocrx_word' id='word_1_84' title='bbox 1764 1446 1802 1513; x_wconf 90' lang='lat' dir='ltr'><strong>P.</strong></span> <span class='ocrx_word' id='word_1_85' title='bbox 1822 1445 1961 1528; x_wconf 85' lang='lat' dir='ltr'><strong>XH74,</strong></span> 
     </span>
     <span class='ocr_line' id='line_1_9' title="bbox 235 1552 1126 1641; baseline -0.001 -20"><span class='ocrx_word' id='word_1_86' title='bbox 235 1555 308 1637; x_wconf 88' lang='grc'><strong>164,</strong></span> <span class='ocrx_word' id='word_1_87' title='bbox 333 1554 413 1638; x_wconf 73' lang='lat'><strong>165,</strong></span> <span class='ocrx_word' id='word_1_88' title='bbox 444 1575 506 1620; x_wconf 91' lang='lat' dir='ltr'><strong>nec</strong></span> <span class='ocrx_word' id='word_1_89' title='bbox 527 1552 747 1638; x_wconf 81' lang='lat' dir='ltr'><strong>refragantur</strong></span> <span class='ocrx_word' id='word_1_90' title='bbox 768 1553 863 1641; x_wconf 89' lang='lat' dir='ltr'><strong>lepos</strong></span> <span class='ocrx_word' id='word_1_91' title='bbox 886 1557 922 1621; x_wconf 90' lang='lat' dir='ltr'><strong>et</strong></span> <span class='ocrx_word' id='word_1_92' title='bbox 938 1553 1126 1621; x_wconf 87' lang='lat' dir='ltr'><strong>artificium.</strong></span> 
     </span>
    </p>

    <p class='ocr_par' dir='ltr' id='par_1_3' title="bbox 233 1653 1957 1829">
     <span class='ocr_line' id='line_1_10' title="bbox 365 1653 1957 1747; baseline -0.002 -24"><span class='ocrx_word' id='word_1_93' title='bbox 365 1656 522 1723; x_wconf 83' lang='lat' dir='ltr'><strong>Ceterum</strong></span> <span class='ocrx_word' id='word_1_94' title='bbox 544 1655 644 1723; x_wconf 81' lang='lat' dir='ltr'><strong>facile</strong></span> <span class='ocrx_word' id='word_1_95' title='bbox 666 1655 897 1744; x_wconf 83' lang='lat' dir='ltr'><strong>intellegitur,</strong></span> <span class='ocrx_word' id='word_1_96' title='bbox 921 1680 985 1745; x_wconf 90' lang='lat' dir='ltr'><strong>quo</strong></span> <span class='ocrx_word' id='word_1_97' title='bbox 1008 1664 1186 1747; x_wconf 87' lang='lat' dir='ltr'><strong>utrumque</strong></span> <span class='ocrx_word' id='word_1_98' title='bbox 1208 1655 1400 1744; x_wconf 88' lang='lat' dir='ltr'><strong>poemation</strong></span> <span class='ocrx_word' id='word_1_99' title='bbox 1422 1655 1573 1723; x_wconf 89' lang='lat' dir='ltr'><strong>delectus</strong></span> <span class='ocrx_word' id='word_1_100' title='bbox 1595 1655 1694 1721; x_wconf 89' lang='lat' dir='ltr'><strong>huius</strong></span> <span class='ocrx_word' id='word_1_101' title='bbox 1718 1654 1849 1722; x_wconf 91' lang='lat' dir='ltr'><strong>auctori</strong></span> <span class='ocrx_word' id='word_1_102' title='bbox 1872 1653 1957 1722; x_wconf 87' lang='lat' dir='ltr'><strong>chri·</strong></span> 
     </span>
     <span class='ocr_line' id='line_1_11' title="bbox 233 1759 757 1829; baseline -0.004 0"><span class='ocrx_word' id='word_1_103' title='bbox 233 1762 345 1829; x_wconf 86' lang='lat' dir='ltr'><strong>stiano</strong></span> <span class='ocrx_word' id='word_1_104' title='bbox 368 1783 443 1828; x_wconf 88' lang='lat' dir='ltr'><strong>sese</strong></span> <span class='ocrx_word' id='word_1_105' title='bbox 466 1759 757 1828; x_wconf 80' lang='lat' dir='ltr'><strong>commendaverit.</strong></span> 
     </span>
    </p>

    <p class='ocr_par' dir='ltr' id='par_1_4' title="bbox 233 1862 1960 2368">
     <span class='ocr_line' id='line_1_12' title="bbox 363 1862 1960 1956; baseline -0.003 -24"><span class='ocrx_word' id='word_1_106' title='bbox 363 1865 412 1932; x_wconf 86' lang='lat' dir='ltr'><strong>Et</strong></span> <span class='ocrx_word' id='word_1_107' title='bbox 432 1864 515 1930; x_wconf 91' lang='lat' dir='ltr'><strong>haec</strong></span> <span class='ocrx_word' id='word_1_108' title='bbox 537 1863 671 1952; x_wconf 91' lang='lat' dir='ltr'><strong>quidem</strong></span> <span class='ocrx_word' id='word_1_109' title='bbox 692 1863 733 1931; x_wconf 92' lang='lat' dir='ltr'><strong>de</strong></span> <span class='ocrx_word' id='word_1_110' title='bbox 757 1864 904 1948; x_wconf 80' lang='lat' dir='ltr'><strong>lacunis,</strong></span> <span class='ocrx_word' id='word_1_111' title='bbox 938 1865 1059 1954; x_wconf 87' lang='lat' dir='ltr'><strong>quibus</strong></span> <span class='ocrx_word' id='word_1_112' title='bbox 1082 1865 1307 1956; x_wconf 85' lang='lat' dir='ltr'><strong>deturpantur</strong></span> <span class='ocrx_word' id='word_1_113' title='bbox 1329 1866 1572 1955; x_wconf 82' lang='lat' dir='ltr'><strong>epigrammata</strong></span> <span class='ocrx_word' id='word_1_114' title='bbox 1594 1889 1615 1932; x_wconf 92' lang='lat' dir='ltr'><strong>a</strong></span> <span class='ocrx_word' id='word_1_115' title='bbox 1638 1863 1795 1931; x_wconf 78' lang='lat' dir='ltr'><strong>(humero</strong></span> <span class='ocrx_word' id='word_1_116' title='bbox 1817 1862 1960 1951; x_wconf 85' lang='lat' dir='ltr'><strong>primum</strong></span> 
     </span>
     <span class='ocr_line' id='line_1_13' title="bbox 234 1968 1957 2059; baseline -0.002 -22"><span class='ocrx_word' id='word_1_117' title='bbox 234 1971 404 2057; x_wconf 79' lang='lat' dir='ltr'><strong>evulgata.</strong></span> <span class='ocrx_word' id='word_1_118' title='bbox 451 1972 582 2035; x_wconf 89' lang='lat' dir='ltr'><strong>ceteras</strong></span> <span class='ocrx_word' id='word_1_119' title='bbox 607 1991 647 2034; x_wconf 85' lang='lat' dir='ltr'><strong>ex</strong></span> <span class='ocrx_word' id='word_1_120' title='bbox 669 1968 766 2035; x_wconf 84' lang='lat' dir='ltr'><strong>libris</strong></span> <span class='ocrx_word' id='word_1_121' title='bbox 790 1968 891 2036; x_wconf 91' lang='lat' dir='ltr'><strong>editis</strong></span> <span class='ocrx_word' id='word_1_122' title='bbox 915 1969 1080 2056; x_wconf 80' lang='lat' dir='ltr'><strong>explevit3</strong></span> <span class='ocrx_word' id='word_1_123' title='bbox 1106 1971 1166 2038; x_wconf 86' lang='lat' dir='ltr'><strong>sed</strong></span> <span class='ocrx_word' id='word_1_124' title='bbox 1188 1971 1223 2036; x_wconf 91' lang='lat' dir='ltr'><strong>in</strong></span> <span class='ocrx_word' id='word_1_125' title='bbox 1245 1971 1298 2037; x_wconf 92' lang='lat' dir='ltr'><strong>his</strong></span> <span class='ocrx_word' id='word_1_126' title='bbox 1321 1993 1452 2059; x_wconf 91' lang='lat' dir='ltr'><strong>quoque</strong></span> <span class='ocrx_word' id='word_1_127' title='bbox 1473 1991 1593 2058; x_wconf 87' lang='lat' dir='ltr'><strong>parum</strong></span> <span class='ocrx_word' id='word_1_128' title='bbox 1615 1992 1651 2036; x_wconf 89' lang='lat' dir='ltr'><strong>se</strong></span> <span class='ocrx_word' id='word_1_129' title='bbox 1675 1968 1842 2035; x_wconf 88' lang='lat' dir='ltr'><strong>curiosum</strong></span> <span class='ocrx_word' id='word_1_130' title='bbox 1862 1988 1957 2055; x_wconf 90' lang='lat' dir='ltr'><strong>prae·</strong></span> 
     </span>
     <span class='ocr_line' id='line_1_14' title="bbox 234 2073 1958 2162; baseline -0.003 -20"><span class='ocrx_word' id='word_1_131' title='bbox 234 2075 337 2142; x_wconf 91' lang='lat' dir='ltr'><strong>stitit.</strong></span> <span class='ocrx_word' id='word_1_132' title='bbox 383 2073 491 2142; x_wconf 89' lang='lat' dir='ltr'><strong>veluti</strong></span> <span class='ocrx_word' id='word_1_133' title='bbox 513 2073 549 2138; x_wconf 92' lang='lat' dir='ltr'><strong>in</strong></span> <span class='ocrx_word' id='word_1_134' title='bbox 570 2073 693 2139; x_wconf 88' lang='lat' dir='ltr'><strong>Alcaei</strong></span> <span class='ocrx_word' id='word_1_135' title='bbox 716 2073 906 2156; x_wconf 89' lang='lat' dir='ltr'><strong>cuiusdam,</strong></span> <span class='ocrx_word' id='word_1_136' title='bbox 945 2079 1036 2141; x_wconf 85' lang='lat' dir='ltr'><strong>certe</strong></span> <span class='ocrx_word' id='word_1_137' title='bbox 1059 2098 1126 2142; x_wconf 91' lang='lat' dir='ltr'><strong>non</strong></span> <span class='ocrx_word' id='word_1_138' title='bbox 1147 2075 1306 2144; x_wconf 85' lang='lat' dir='ltr'><strong>Messenii</strong></span> <span class='ocrx_word' id='word_1_139' title='bbox 1329 2074 1488 2157; x_wconf 84' lang='lat' dir='ltr'><strong>carmine,</strong></span> <span class='ocrx_word' id='word_1_140' title='bbox 1527 2073 1616 2162; x_wconf 90' lang='lat' dir='ltr'><strong>quod</strong></span> <span class='ocrx_word' id='word_1_141' title='bbox 1639 2073 1779 2139; x_wconf 89' lang='lat' dir='ltr'><strong>duorum</strong></span> <span class='ocrx_word' id='word_1_142' title='bbox 1799 2093 1958 2162; x_wconf 82' lang='lat' dir='ltr'><strong>versuum</strong></span> 
     </span>
     <span class='ocr_line' id='line_1_15' title="bbox 234 2174 1958 2264; baseline -0.003 -18"><span class='ocrx_word' id='word_1_143' title='bbox 234 2179 346 2246; x_wconf 88' lang='lat' dir='ltr'><strong>estin</strong></span> <span class='ocrx_word' id='word_1_144' title='bbox 367 2177 463 2244; x_wconf 86' lang='lat' dir='ltr'><strong>A.P</strong></span> <span class='ocrx_word' id='word_1_145' title='bbox 496 2176 568 2242; x_wconf 89' lang='lat' dir='ltr'><strong>XH</strong></span> <span class='ocrx_word' id='word_1_146' title='bbox 590 2177 651 2259; x_wconf 82' lang='lat'><strong>29,</strong></span> <span class='ocrx_word' id='word_1_147' title='bbox 687 2177 722 2242; x_wconf 94' lang='lat' dir='ltr'><strong>in</strong></span> <span class='ocrx_word' id='word_1_148' title='bbox 757 2178 889 2264; x_wconf 86' lang='lat' dir='ltr'><strong>sylloge</strong></span> <span class='ocrx_word' id='word_1_149' title='bbox 911 2177 1070 2245; x_wconf 84' lang='lat' dir='ltr'><strong>Parisino</strong></span> <span class='ocrx_word' id='word_1_150' title='bbox 1101 2183 1214 2246; x_wconf 89' lang='lat' dir='ltr'><strong>autem</strong></span> <span class='ocrx_word' id='word_1_151' title='bbox 1236 2184 1328 2246; x_wconf 89' lang='lat' dir='ltr'><strong>recte</strong></span> <span class='ocrx_word' id='word_1_152' title='bbox 1358 2181 1504 2264; x_wconf 85' lang='lat' dir='ltr'><strong>angetur</strong></span> <span class='ocrx_word' id='word_1_153' title='bbox 1526 2175 1671 2242; x_wconf 89' lang='lat' dir='ltr'><strong>disticho</strong></span> <span class='ocrx_word' id='word_1_154' title='bbox 1695 2199 1733 2243; x_wconf 94' lang='lat' dir='ltr'><strong>eo</strong></span> <span class='ocrx_word' id='word_1_155' title='bbox 1756 2175 1844 2263; x_wconf 88' lang='lat' dir='ltr'><strong>quod</strong></span> <span class='ocrx_word' id='word_1_156' title='bbox 1866 2174 1958 2240; x_wconf 90' lang='lat' dir='ltr'><strong>inve·</strong></span> 
     </span>
     <span class='ocr_line' id='line_1_16' title="bbox 233 2280 1144 2368; baseline -0.002 -18"><span class='ocrx_word' id='word_1_157' title='bbox 233 2283 327 2350; x_wconf 89' lang='lat' dir='ltr'><strong>nitur</strong></span> <span class='ocrx_word' id='word_1_158' title='bbox 349 2281 384 2349; x_wconf 93' lang='lat' dir='ltr'><strong>in</strong></span> <span class='ocrx_word' id='word_1_159' title='bbox 406 2282 450 2348; x_wconf 85' lang='grc' dir='ltr'><strong>Α.</strong></span> <span class='ocrx_word' id='word_1_160' title='bbox 475 2281 513 2346; x_wconf 90' lang='grc' dir='ltr'><strong>Ρ.</strong></span> <span class='ocrx_word' id='word_1_161' title='bbox 538 2280 591 2346; x_wconf 87' lang='lat' dir='ltr'><strong>XI</strong></span> <span class='ocrx_word' id='word_1_162' title='bbox 613 2281 665 2363; x_wconf 84' lang='lat'><strong>53,</strong></span> <span class='ocrx_word' id='word_1_163' title='bbox 688 2303 720 2368; x_wconf 89' lang='lat' dir='ltr'><strong>p.</strong></span> <span class='ocrx_word' id='word_1_164' title='bbox 745 2281 818 2364; x_wconf 81' lang='lat'><strong>385,</strong></span> <span class='ocrx_word' id='word_1_165' title='bbox 843 2283 864 2347; x_wconf 82' lang='lat'>5</span> <span class='ocrx_word' id='word_1_166' title='bbox 886 2283 968 2350; x_wconf 89' lang='lat' dir='ltr'><strong>haec</strong></span> <span class='ocrx_word' id='word_1_167' title='bbox 992 2282 1144 2350; x_wconf 83' lang='lat' dir='ltr'><strong>exhibuit</strong></span> 
     </span>
    </p>

    <p class='ocr_par' dir='ltr' id='par_1_5' title="bbox 484 2383 1445 2576">
     <span class='ocr_line' id='line_1_17' title="bbox 484 2383 1445 2473; baseline 0.001 -22"><span class='ocrx_word' id='word_1_168' title='bbox 484 2383 573 2472; x_wconf 61' lang='grc' dir='ltr'>καὶῑ)</span> <span class='ocrx_word' id='word_1_169' title='bbox 597 2385 702 2470; x_wconf 70' lang='grc' dir='ltr'><em>ῥόδον</em></span> <span class='ocrx_word' id='word_1_170' title='bbox 724 2384 856 2470; x_wconf 79' lang='grc' dir='ltr'><strong><em>ἀκμάζει</em></strong></span> <span class='ocrx_word' id='word_1_171' title='bbox 878 2388 978 2470; x_wconf 83' lang='grc' dir='ltr'><strong><em>βαιὸν</em></strong></span> <span class='ocrx_word' id='word_1_172' title='bbox 999 2390 1139 2473; x_wconf 78' lang='grc' dir='ltr'><em>χρόνον,</em></span> <span class='ocrx_word' id='word_1_173' title='bbox 1161 2389 1193 2453; x_wconf 77' lang='grc' dir='ltr'><strong>εἰ</strong></span> <span class='ocrx_word' id='word_1_174' title='bbox 1214 2384 1251 2452; x_wconf 69' lang='grc' dir='ltr'><strong>δὲ</strong></span> <span class='ocrx_word' id='word_1_175' title='bbox 1273 2386 1445 2473; x_wconf 70' lang='grc' dir='ltr'><em>παρέλθῃ,</em></span> 
     </span>
     <span class='ocr_line' id='line_1_18' title="bbox 575 2490 1315 2576; baseline 0.007 -23"><span class='ocrx_word' id='word_1_176' title='bbox 575 2494 679 2573; x_wconf 66' lang='lat' dir='ltr'><strong>{mdc</strong></span> <span class='ocrx_word' id='word_1_177' title='bbox 700 2490 854 2574; x_wconf 77' lang='grc' dir='ltr'><strong><em>εὑρήσεις</em></strong></span> <span class='ocrx_word' id='word_1_178' title='bbox 876 2491 917 2557; x_wconf 82' lang='grc' dir='ltr'><strong>οὐ</strong></span> <span class='ocrx_word' id='word_1_179' title='bbox 940 2491 1058 2576; x_wconf 70' lang='grc' dir='ltr'><em>ῥόδον,</em></span> <span class='ocrx_word' id='word_1_180' title='bbox 1088 2491 1172 2571; x_wconf 74' lang='grc' dir='ltr'><strong>ἀλλὰ</strong></span> <span class='ocrx_word' id='word_1_181' title='bbox 1193 2492 1315 2576; x_wconf 75' lang='grc' dir='ltr'><em>βάτον,</em></span> 
     </span>
    </p>
   </div>
   <div class='ocr_carea' id='block_1_3' title="bbox 235 2611 1964 4688">
    <p class='ocr_par' dir='ltr' id='par_1_6' title="bbox 235 2611 1958 3017">
     <span class='ocr_line' id='line_1_19' title="bbox 235 2611 1958 2700; baseline -0.004 -16"><span class='ocrx_word' id='word_1_182' title='bbox 235 2622 271 2684; x_wconf 89' lang='lat' dir='ltr'><strong>et</strong></span> <span class='ocrx_word' id='word_1_183' title='bbox 303 2614 481 2683; x_wconf 87' lang='lat' dir='ltr'><strong>adnotavit</strong></span> <span class='ocrx_word' id='word_1_184' title='bbox 511 2613 556 2680; x_wconf 91' lang='lat' dir='ltr'><strong>ad</strong></span> <span class='ocrx_word' id='word_1_185' title='bbox 582 2612 781 2679; x_wconf 90' lang='lat' dir='ltr'><strong>vocabulum</strong></span> <span class='ocrx_word' id='word_1_186' title='bbox 811 2615 935 2700; x_wconf 79' lang='grc' dir='ltr'><em>χρόνον</em></span> <span class='ocrx_word' id='word_1_187' title='bbox 963 2613 1044 2680; x_wconf 87' lang='lat' dir='ltr'><strong>‘cod</strong></span> <span class='ocrx_word' id='word_1_188' title='bbox 1066 2614 1102 2700; x_wconf 85' lang='grc' dir='ltr'><strong>χ.’</strong></span> <span class='ocrx_word' id='word_1_189' title='bbox 1128 2637 1244 2680; x_wconf 89' lang='lat' dir='ltr'><strong>verum</strong></span> <span class='ocrx_word' id='word_1_190' title='bbox 1276 2613 1311 2679; x_wconf 90' lang='lat' dir='ltr'><strong>in</strong></span> <span class='ocrx_word' id='word_1_191' title='bbox 1342 2612 1454 2680; x_wconf 83' lang='lat' dir='ltr'><strong>codice</strong></span> <span class='ocrx_word' id='word_1_192' title='bbox 1476 2636 1543 2680; x_wconf 92' lang='lat' dir='ltr'><strong>non</strong></span> <span class='ocrx_word' id='word_1_193' title='bbox 1565 2613 1671 2680; x_wconf 88' lang='lat' dir='ltr'><strong>solum</strong></span> <span class='ocrx_word' id='word_1_194' title='bbox 1694 2611 1831 2679; x_wconf 89' lang='lat' dir='ltr'><strong>litterae</strong></span> <span class='ocrx_word' id='word_1_195' title='bbox 1855 2634 1958 2696; x_wconf 79' lang='lat' dir='ltr'><strong>povov</strong></span> 
     </span>
     <span class='ocr_line' id='line_1_20' title="bbox 236 2714 1957 2807; baseline -0.003 -20"><span class='ocrx_word' id='word_1_196' title='bbox 236 2720 303 2787; x_wconf 88' lang='lat' dir='ltr'><strong>iam</strong></span> <span class='ocrx_word' id='word_1_197' title='bbox 326 2719 464 2802; x_wconf 89' lang='lat' dir='ltr'><strong>desunt,</strong></span> <span class='ocrx_word' id='word_1_198' title='bbox 489 2740 574 2805; x_wconf 90' lang='lat' dir='ltr'><strong>quas</strong></span> <span class='ocrx_word' id='word_1_199' title='bbox 598 2715 744 2806; x_wconf 84' lang='lat' dir='ltr'><strong>scriptas</strong></span> <span class='ocrx_word' id='word_1_200' title='bbox 766 2715 873 2782; x_wconf 82' lang='lat' dir='ltr'><strong>fuisse</strong></span> <span class='ocrx_word' id='word_1_201' title='bbox 898 2716 984 2783; x_wconf 86' lang='lat' dir='ltr'><strong>satis</strong></span> <span class='ocrx_word' id='word_1_202' title='bbox 1007 2721 1134 2784; x_wconf 87' lang='lat' dir='ltr'><strong>certum</strong></span> <span class='ocrx_word' id='word_1_203' title='bbox 1157 2722 1220 2800; x_wconf 87' lang='lat' dir='ltr'><strong>cst,</strong></span> <span class='ocrx_word' id='word_1_204' title='bbox 1244 2718 1305 2784; x_wconf 90' lang='lat' dir='ltr'><strong>sed</strong></span> <span class='ocrx_word' id='word_1_205' title='bbox 1327 2718 1429 2786; x_wconf 90' lang='lat' dir='ltr'><strong>etiam</strong></span> <span class='ocrx_word' id='word_1_206' title='bbox 1450 2720 1482 2784; x_wconf 77' lang='lat' dir='ltr'><strong>al</strong></span> <span class='ocrx_word' id='word_1_207' title='bbox 1501 2716 1679 2805; x_wconf 84' lang='lat' dir='ltr'><strong>particula,</strong></span> <span class='ocrx_word' id='word_1_208' title='bbox 1704 2740 1803 2807; x_wconf 88' lang='lat' dir='ltr'><strong>quam</strong></span> <span class='ocrx_word' id='word_1_209' title='bbox 1826 2714 1957 2783; x_wconf 77' lang='lat' dir='ltr'><strong>Creme</strong></span> 
     </span>
     <span class='ocr_line' id='line_1_21' title="bbox 235 2819 1956 2912; baseline -0.003 -20"><span class='ocrx_word' id='word_1_210' title='bbox 235 2847 293 2892; x_wconf 89' lang='lat' dir='ltr'><strong>rus</strong></span> <span class='ocrx_word' id='word_1_211' title='bbox 315 2823 431 2912; x_wconf 87' lang='lat' dir='ltr'><strong>posuit</strong></span> <span class='ocrx_word' id='word_1_212' title='bbox 452 2845 519 2888; x_wconf 92' lang='lat' dir='ltr'><strong>non</strong></span> <span class='ocrx_word' id='word_1_213' title='bbox 540 2821 682 2887; x_wconf 88' lang='lat' dir='ltr'><strong>licenter</strong></span> <span class='ocrx_word' id='word_1_214' title='bbox 704 2825 846 2902; x_wconf 88' lang='lat' dir='ltr'><strong>tantum,</strong></span> <span class='ocrx_word' id='word_1_215' title='bbox 871 2819 932 2887; x_wconf 90' lang='lat' dir='ltr'><strong>sed</strong></span> <span class='ocrx_word' id='word_1_216' title='bbox 952 2819 1051 2888; x_wconf 85' lang='lat' dir='ltr'><strong>falso.</strong></span> <span class='ocrx_word' id='word_1_217' title='bbox 1096 2821 1260 2889; x_wconf 88' lang='lat' dir='ltr'><strong>remansit</strong></span> <span class='ocrx_word' id='word_1_218' title='bbox 1273 2826 1438 2908; x_wconf 65' lang='lat' dir='ltr'><strong>‚accentus</strong></span> <span class='ocrx_word' id='word_1_219' title='bbox 1461 2821 1587 2908; x_wconf 80' lang='lat' dir='ltr'><strong>gravis,</strong></span> <span class='ocrx_word' id='word_1_220' title='bbox 1611 2823 1668 2910; x_wconf 89' lang='lat' dir='ltr'><strong>qni</strong></span> <span class='ocrx_word' id='word_1_221' title='bbox 1691 2825 1842 2890; x_wconf 72' lang='lat' dir='ltr'><strong>testato</strong></span> <span class='ocrx_word' id='word_1_222' title='bbox 1864 2826 1956 2887; x_wconf 89' lang='lat' dir='ltr'><strong>recte</strong></span> 
     </span>
     <span class='ocr_line' id='line_1_22' title="bbox 235 2905 602 3017; baseline -0.019 -20"><span class='ocrx_word' id='word_1_223' title='bbox 235 2928 278 3013; x_wconf 77' lang='grc' dir='ltr'><strong>ἢν</strong></span> <span class='ocrx_word' id='word_1_224' title='bbox 301 2905 463 3017; x_wconf 87' lang='lat' dir='ltr'><strong>scriptum</strong></span> <span class='ocrx_word' id='word_1_225' title='bbox 485 2925 602 2992; x_wconf 74' lang='lat' dir='ltr'><strong>finisse.</strong></span> 
     </span>
    </p>

    <p class='ocr_par' dir='ltr' id='par_1_7' title="bbox 366 3027 1305 3118">
     <span class='ocr_line' id='line_1_23' title="bbox 366 3027 1305 3118; baseline -0.004 -17"><span class='ocrx_word' id='word_1_226' title='bbox 366 3029 540 3101; x_wconf 83' lang='lat' dir='ltr'><strong>Stratonis</strong></span> <span class='ocrx_word' id='word_1_227' title='bbox 565 3030 723 3095; x_wconf 80' lang='grc' dir='ltr'><strong>παιδικόν</strong></span> <span class='ocrx_word' id='word_1_228' title='bbox 745 3027 780 3093; x_wconf 94' lang='lat' dir='ltr'><strong>in</strong></span> <span class='ocrx_word' id='word_1_229' title='bbox 802 3027 846 3094; x_wconf 90' lang='lat' dir='ltr'><strong>A.</strong></span> <span class='ocrx_word' id='word_1_230' title='bbox 869 3027 907 3093; x_wconf 90' lang='lat' dir='ltr'><strong>P.</strong></span> <span class='ocrx_word' id='word_1_231' title='bbox 931 3027 1004 3094; x_wconf 85' lang='lat' dir='ltr'><strong>XII</strong></span> <span class='ocrx_word' id='word_1_232' title='bbox 1028 3029 1091 3096; x_wconf 85' lang='grc'><strong>196</strong></span> <span class='ocrx_word' id='word_1_233' title='bbox 1112 3029 1164 3096; x_wconf 91' lang='lat' dir='ltr'><strong>ita</strong></span> <span class='ocrx_word' id='word_1_234' title='bbox 1184 3029 1305 3118; x_wconf 91' lang='lat' dir='ltr'><strong>incipit</strong></span> 
     </span>
    </p>

    <p class='ocr_par' dir='ltr' id='par_1_8' title="bbox 236 3136 1959 3834">
     <span class='ocr_line' id='line_1_24' title="bbox 483 3136 1400 3222; baseline 0.002 -22"><span class='ocrx_word' id='word_1_235' title='bbox 483 3136 697 3221; x_wconf 78' lang='grc' dir='ltr'><em>Ὀφθοιλμοὺς</em></span> <span class='ocrx_word' id='word_1_236' title='bbox 718 3139 910 3218; x_wconf 73' lang='grc' dir='ltr'><strong>σπινθῆρος</strong></span> <span class='ocrx_word' id='word_1_237' title='bbox 930 3137 1031 3218; x_wconf 59' lang='lat' dir='ltr'><strong>sueta,</strong></span> <span class='ocrx_word' id='word_1_238' title='bbox 1063 3137 1235 3220; x_wconf 76' lang='grc' dir='ltr'><strong>θεόμορφε</strong></span> <span class='ocrx_word' id='word_1_239' title='bbox 1257 3140 1400 3222; x_wconf 73' lang='grc' dir='ltr'><strong>Λυκῖνε,</strong></span> 
     </span>
     <span class='ocr_line' id='line_1_25' title="bbox 573 3229 1041 3325; baseline 0.002 -22"><span class='ocrx_word' id='word_1_240' title='bbox 573 3243 700 3325; x_wconf 83' lang='grc' dir='ltr'><em>μᾶλλον</em></span> <span class='ocrx_word' id='word_1_241' title='bbox 723 3237 755 3302; x_wconf 82' lang='lat' dir='ltr'><strong>d’</strong></span> <span class='ocrx_word' id='word_1_242' title='bbox 782 3237 1001 3314; x_wconf 67' lang='lat' dir='ltr'><strong>&amp;acicurato</strong></span> <span class='ocrx_word' id='word_1_243' title='bbox 1036 3229 1041 3238; x_wconf 48' lang='lat'>¹</span> 
     </span>
     <span class='ocr_line' id='line_1_26' title="bbox 237 3335 1201 3437; baseline -0.006 -21"><span class='ocrx_word' id='word_1_244' title='bbox 237 3348 273 3416; x_wconf 93' lang='lat' dir='ltr'><strong>in</strong></span> <span class='ocrx_word' id='word_1_245' title='bbox 295 3347 430 3437; x_wconf 83' lang='lat' dir='ltr'><strong>sylloge</strong></span> <span class='ocrx_word' id='word_1_246' title='bbox 451 3367 532 3412; x_wconf 90' lang='lat' dir='ltr'><strong>vero</strong></span> <span class='ocrx_word' id='word_1_247' title='bbox 553 3341 711 3410; x_wconf 84' lang='lat' dir='ltr'><strong>Parisino</strong></span> <span class='ocrx_word' id='word_1_248' title='bbox 734 3341 914 3409; x_wconf 89' lang='lat' dir='ltr'><strong>secundum</strong></span> <span class='ocrx_word' id='word_1_249' title='bbox 935 3335 1130 3410; x_wconf 79' lang='lat' dir='ltr'><strong>Cremeram</strong></span> <span class='ocrx_word' id='word_1_250' title='bbox 1152 3343 1201 3411; x_wconf 87' lang='lat' dir='ltr'><strong>sio</strong></span> 
     </span>
     <span class='ocr_line' id='line_1_27' title="bbox 481 3452 1047 3538; baseline 0 -21"><span class='ocrx_word' id='word_1_251' title='bbox 481 3452 725 3538; x_wconf 76' lang='grc' dir='ltr'><strong><em>Ὀφθαλμοῖσιν</em></strong></span> <span class='ocrx_word' id='word_1_252' title='bbox 745 3457 855 3535; x_wconf 74' lang='grc' dir='ltr'><strong><em>θῆρας</em></strong></span> <span class='ocrx_word' id='word_1_253' title='bbox 876 3453 961 3536; x_wconf 76' lang='grc' dir='ltr'><strong><em>ἔχεις</em></strong></span> <span class='ocrx_word' id='word_1_254' title='bbox 984 3455 1047 3517; x_wconf 87' lang='lat' dir='ltr'><strong>etc.</strong></span> 
     </span>
     <span class='ocr_line' id='line_1_28' title="bbox 237 3551 1958 3642; baseline -0.003 -16"><span class='ocrx_word' id='word_1_255' title='bbox 237 3559 324 3626; x_wconf 91' lang='lat' dir='ltr'><strong>unde</strong></span> <span class='ocrx_word' id='word_1_256' title='bbox 345 3555 534 3624; x_wconf 86' lang='lat' dir='ltr'><strong>Meinekius</strong></span> <span class='ocrx_word' id='word_1_257' title='bbox 567 3554 756 3642; x_wconf 86' lang='lat' dir='ltr'><strong>scripturus</strong></span> <span class='ocrx_word' id='word_1_258' title='bbox 780 3559 855 3620; x_wconf 89' lang='lat' dir='ltr'><strong>erat</strong></span> <span class='ocrx_word' id='word_1_259' title='bbox 877 3555 1068 3641; x_wconf 78' lang='grc' dir='ltr'><em>ὀφθαλμοῖς</em></span> <span class='ocrx_word' id='word_1_260' title='bbox 1089 3561 1280 3640; x_wconf 73' lang='grc' dir='ltr'><em>σπινθῆρος</em></span> <span class='ocrx_word' id='word_1_261' title='bbox 1301 3555 1394 3640; x_wconf 77' lang='grc' dir='ltr'><strong><em>ἔχεις.</em></strong></span> <span class='ocrx_word' id='word_1_262' title='bbox 1439 3553 1499 3621; x_wconf 88' lang='lat' dir='ltr'><strong>sed</strong></span> <span class='ocrx_word' id='word_1_263' title='bbox 1521 3551 1700 3623; x_wconf 81' lang='lat' dir='ltr'><strong>Cramems</strong></span> <span class='ocrx_word' id='word_1_264' title='bbox 1722 3553 1803 3621; x_wconf 89' lang='lat' dir='ltr'><strong>ficta</strong></span> <span class='ocrx_word' id='word_1_265' title='bbox 1825 3553 1958 3637; x_wconf 88' lang='lat' dir='ltr'><strong>obtulit,</strong></span> 
     </span>
     <span class='ocr_line' id='line_1_29' title="bbox 237 3657 1959 3748; baseline -0.003 -17"><span class='ocrx_word' id='word_1_266' title='bbox 237 3663 340 3731; x_wconf 87' lang='lat' dir='ltr'><strong>codex</strong></span> <span class='ocrx_word' id='word_1_267' title='bbox 361 3662 465 3728; x_wconf 89' lang='lat' dir='ltr'><strong>habet</strong></span> <span class='ocrx_word' id='word_1_268' title='bbox 486 3662 602 3746; x_wconf 76' lang='grc' dir='ltr'><em>όφθαλ</em></span> <span class='ocrx_word' id='word_1_269' title='bbox 698 3665 907 3744; x_wconf 72' lang='grc' dir='ltr'><strong>σπινθῆρας,</strong></span> <span class='ocrx_word' id='word_1_270' title='bbox 929 3657 1051 3726; x_wconf 89' lang='lat' dir='ltr'><strong>lacuna</strong></span> <span class='ocrx_word' id='word_1_271' title='bbox 1071 3657 1187 3726; x_wconf 88' lang='lat' dir='ltr'><strong>hausit</strong></span> <span class='ocrx_word' id='word_1_272' title='bbox 1207 3657 1345 3726; x_wconf 88' lang='lat' dir='ltr'><strong>litteras</strong></span> <span class='ocrx_word' id='word_1_273' title='bbox 1368 3660 1471 3745; x_wconf 77' lang='grc' dir='ltr'><em>μοός,</em></span> <span class='ocrx_word' id='word_1_274' title='bbox 1502 3659 1672 3748; x_wconf 87' lang='lat' dir='ltr'><strong>scriptura</strong></span> <span class='ocrx_word' id='word_1_275' title='bbox 1694 3659 1842 3727; x_wconf 90' lang='lat' dir='ltr'><strong>codicum</strong></span> <span class='ocrx_word' id='word_1_276' title='bbox 1860 3657 1959 3727; x_wconf 91' lang='lat' dir='ltr'><strong>Pala·</strong></span> 
     </span>
     <span class='ocr_line' id='line_1_30' title="bbox 236 3761 955 3834; baseline -0.008 0"><span class='ocrx_word' id='word_1_277' title='bbox 236 3766 300 3834; x_wconf 86' lang='lat' dir='ltr'><strong>tini</strong></span> <span class='ocrx_word' id='word_1_278' title='bbox 322 3773 359 3834; x_wconf 88' lang='lat' dir='ltr'><strong>et</strong></span> <span class='ocrx_word' id='word_1_279' title='bbox 379 3763 545 3832; x_wconf 90' lang='lat' dir='ltr'><strong>Planudei</strong></span> <span class='ocrx_word' id='word_1_280' title='bbox 566 3785 632 3829; x_wconf 92' lang='lat' dir='ltr'><strong>non</strong></span> <span class='ocrx_word' id='word_1_281' title='bbox 654 3761 871 3829; x_wconf 90' lang='lat' dir='ltr'><strong>attrectanda</strong></span> <span class='ocrx_word' id='word_1_282' title='bbox 893 3768 955 3829; x_wconf 91' lang='lat' dir='ltr'><strong>est.</strong></span> 
     </span>
    </p>

    <p class='ocr_par' dir='ltr' id='par_1_9' title="bbox 240 3865 1962 4270">
     <span class='ocr_line' id='line_1_31' title="bbox 367 3865 1960 3954; baseline 0 -18"><span class='ocrx_word' id='word_1_283' title='bbox 367 3869 410 3936; x_wconf 95' lang='lat' dir='ltr'><strong>In</strong></span> <span class='ocrx_word' id='word_1_284' title='bbox 431 3867 726 3954; x_wconf 72' lang='lat' dir='ltr'><strong>Anacreontic02),</strong></span> <span class='ocrx_word' id='word_1_285' title='bbox 750 3866 838 3954; x_wconf 90' lang='lat' dir='ltr'><strong>quod</strong></span> <span class='ocrx_word' id='word_1_286' title='bbox 850 3865 1064 3933; x_wconf 90' lang='lat' dir='ltr'><strong>Constantini</strong></span> <span class='ocrx_word' id='word_1_287' title='bbox 1087 3865 1260 3934; x_wconf 89' lang='lat' dir='ltr'><strong>cuiusdam</strong></span> <span class='ocrx_word' id='word_1_288' title='bbox 1282 3867 1493 3954; x_wconf 83' lang='lat' dir='ltr'><strong>grammatici</strong></span> <span class='ocrx_word' id='word_1_289' title='bbox 1515 3865 1688 3936; x_wconf 85' lang='lat' dir='ltr'><strong>Siciliotae</strong></span> <span class='ocrx_word' id='word_1_290' title='bbox 1711 3891 1786 3936; x_wconf 86' lang='lat' dir='ltr'><strong>esse</strong></span> <span class='ocrx_word' id='word_1_291' title='bbox 1810 3867 1960 3936; x_wconf 89' lang='lat' dir='ltr'><strong>docetis</strong></span> 
     </span>
     <span class='ocr_line' id='line_1_32' title="bbox 240 3969 1962 4062; baseline -0.001 -20"><span class='ocrx_word' id='word_1_292' title='bbox 240 3973 395 4057; x_wconf 87' lang='lat' dir='ltr'><strong>codex,·e</strong></span> <span class='ocrx_word' id='word_1_293' title='bbox 417 3995 482 4061; x_wconf 92' lang='lat' dir='ltr'><strong>quo</strong></span> <span class='ocrx_word' id='word_1_294' title='bbox 504 3971 592 4039; x_wconf 88' lang='lat' dir='ltr'><strong>idem</strong></span> <span class='ocrx_word' id='word_1_295' title='bbox 614 3976 693 4059; x_wconf 89' lang='lat' dir='ltr'><strong>post</strong></span> <span class='ocrx_word' id='word_1_296' title='bbox 716 3970 823 4038; x_wconf 88' lang='lat' dir='ltr'><strong>edidit</strong></span> <span class='ocrx_word' id='word_1_297' title='bbox 844 3969 1026 4056; x_wconf 85' lang='lat' dir='ltr'><strong>Matranga</strong></span> <span class='ocrx_word' id='word_1_298' title='bbox 1040 3969 1204 4038; x_wconf 88' lang='lat' dir='ltr'><strong>Anecdot.</strong></span> <span class='ocrx_word' id='word_1_299' title='bbox 1227 3971 1345 4061; x_wconf 75' lang='lat'>[1693</span> <span class='ocrx_word' id='word_1_300' title='bbox 1368 3995 1450 4062; x_wconf 77' lang='lat' dir='ltr'><strong>sqq,</strong></span> <span class='ocrx_word' id='word_1_301' title='bbox 1472 3995 1535 4061; x_wconf 88' lang='lat' dir='ltr'><strong>pro</strong></span> <span class='ocrx_word' id='word_1_302' title='bbox 1556 3973 1697 4040; x_wconf 88' lang='lat' dir='ltr'><strong>lacunae</strong></span> <span class='ocrx_word' id='word_1_303' title='bbox 1720 3973 1817 4060; x_wconf 82' lang='lat' dir='ltr'><strong>signo</strong></span> <span class='ocrx_word' id='word_1_304' title='bbox 1837 3996 1870 4062; x_wconf 84' lang='lat' dir='ltr'><strong>p.</strong></span> <span class='ocrx_word' id='word_1_305' title='bbox 1888 3971 1962 4056; x_wconf 80' lang='lat'><strong>382,</strong></span> 
     </span>
     <span class='ocr_line' id='line_1_33' title="bbox 240 4073 1961 4166; baseline -0.001 -20"><span class='ocrx_word' id='word_1_306' title='bbox 240 4081 281 4146; x_wconf 87' lang='grc'><strong>19</strong></span> <span class='ocrx_word' id='word_1_307' title='bbox 302 4078 502 4147; x_wconf 87' lang='lat' dir='ltr'><strong>vocabulum</strong></span> <span class='ocrx_word' id='word_1_308' title='bbox 524 4080 651 4161; x_wconf 79' lang='grc' dir='ltr'><strong>νεότης,</strong></span> <span class='ocrx_word' id='word_1_309' title='bbox 673 4074 762 4164; x_wconf 89' lang='lat' dir='ltr'><strong>quod</strong></span> <span class='ocrx_word' id='word_1_310' title='bbox 783 4074 1023 4162; x_wconf 85' lang='lat' dir='ltr'><strong>pallidioribus</strong></span> <span class='ocrx_word' id='word_1_311' title='bbox 1041 4073 1123 4141; x_wconf 90' lang='lat' dir='ltr'><strong>lieet</strong></span> <span class='ocrx_word' id='word_1_312' title='bbox 1143 4073 1271 4142; x_wconf 89' lang='lat' dir='ltr'><strong>litteris</strong></span> <span class='ocrx_word' id='word_1_313' title='bbox 1296 4076 1419 4164; x_wconf 91' lang='lat' dir='ltr'><strong>optime</strong></span> <span class='ocrx_word' id='word_1_314' title='bbox 1441 4077 1570 4162; x_wconf 82' lang='lat' dir='ltr'><strong>legitur</strong></span> <span class='ocrx_word' id='word_1_315' title='bbox 1578 4076 1624 4164; x_wconf 81' lang='lat'><strong>⁸),</strong></span> <span class='ocrx_word' id='word_1_316' title='bbox 1659 4077 1803 4146; x_wconf 88' lang='lat' dir='ltr'><strong>debebat</strong></span> <span class='ocrx_word' id='word_1_317' title='bbox 1827 4100 1961 4166; x_wconf 90' lang='lat' dir='ltr'><strong>ponere,</strong></span> 
     </span>
     <span class='ocr_line' id='line_1_34' title="bbox 240 4179 1962 4270; baseline -0.002 -20"><span class='ocrx_word' id='word_1_318' title='bbox 240 4190 276 4250; x_wconf 90' lang='lat' dir='ltr'><strong>at</strong></span> <span class='ocrx_word' id='word_1_319' title='bbox 297 4181 466 4250; x_wconf 88' lang='lat' dir='ltr'><strong>versiculo</strong></span> <span class='ocrx_word' id='word_1_320' title='bbox 487 4181 546 4248; x_wconf 90' lang='lat' dir='ltr'><strong>nni</strong></span> <span class='ocrx_word' id='word_1_321' title='bbox 569 4180 716 4270; x_wconf 85' lang='lat' dir='ltr'><strong>spatium</strong></span> <span class='ocrx_word' id='word_1_322' title='bbox 727 4201 869 4246; x_wconf 88' lang='lat' dir='ltr'><strong>vacuum</strong></span> <span class='ocrx_word' id='word_1_323' title='bbox 880 4179 1069 4268; x_wconf 87' lang='lat' dir='ltr'><strong>relinquere</strong></span> <span class='ocrx_word' id='word_1_324' title='bbox 1079 4182 1158 4269; x_wconf 90' lang='lat' dir='ltr'><strong>post</strong></span> <span class='ocrx_word' id='word_1_325' title='bbox 1170 4201 1285 4246; x_wconf 89' lang='lat' dir='ltr'><strong>vocem</strong></span> <span class='ocrx_word' id='word_1_326' title='bbox 1295 4191 1395 4265; x_wconf 76' lang='grc' dir='ltr'><em>πᾶσι,</em></span> <span class='ocrx_word' id='word_1_327' title='bbox 1415 4181 1473 4247; x_wconf 92' lang='lat' dir='ltr'><strong>ubi</strong></span> <span class='ocrx_word' id='word_1_328' title='bbox 1494 4179 1648 4249; x_wconf 84' lang='lat' dir='ltr'><strong>lacunam</strong></span> <span class='ocrx_word' id='word_1_329' title='bbox 1669 4205 1736 4248; x_wconf 93' lang='lat' dir='ltr'><strong>non</strong></span> <span class='ocrx_word' id='word_1_330' title='bbox 1748 4181 1962 4268; x_wconf 87' lang='lat' dir='ltr'><strong>significavit.</strong></span> 
     </span>
    </p>

    <p class='ocr_par' dir='ltr' id='par_1_10' title="bbox 235 4283 1964 4580">
     <span class='ocr_line' id='line_1_35' title="bbox 367 4283 1964 4376; baseline 0.001 -24"><span class='ocrx_word' id='word_1_331' title='bbox 367 4286 555 4368; x_wconf 84' lang='lat' dir='ltr'><strong>Lacunam,</strong></span> <span class='ocrx_word' id='word_1_332' title='bbox 587 4307 673 4374; x_wconf 89' lang='lat' dir='ltr'><strong>quae</strong></span> <span class='ocrx_word' id='word_1_333' title='bbox 704 4283 738 4349; x_wconf 93' lang='lat' dir='ltr'><strong>in</strong></span> <span class='ocrx_word' id='word_1_334' title='bbox 772 4283 884 4350; x_wconf 89' lang='lat' dir='ltr'><strong>codice</strong></span> <span class='ocrx_word' id='word_1_335' title='bbox 914 4283 1009 4350; x_wconf 91' lang='lat' dir='ltr'><strong>nulla</strong></span> <span class='ocrx_word' id='word_1_336' title='bbox 1031 4292 1102 4366; x_wconf 88' lang='lat' dir='ltr'><strong>est,</strong></span> <span class='ocrx_word' id='word_1_337' title='bbox 1135 4283 1300 4350; x_wconf 90' lang='lat' dir='ltr'><strong>indicavit</strong></span> <span class='ocrx_word' id='word_1_338' title='bbox 1318 4307 1351 4373; x_wconf 91' lang='lat' dir='ltr'><strong>p.</strong></span> <span class='ocrx_word' id='word_1_339' title='bbox 1369 4284 1443 4367; x_wconf 77' lang='lat'><strong>370,</strong></span> <span class='ocrx_word' id='word_1_340' title='bbox 1468 4285 1508 4351; x_wconf 88' lang='lat'><strong>11</strong></span> <span class='ocrx_word' id='word_1_341' title='bbox 1531 4285 1568 4351; x_wconf 93' lang='lat' dir='ltr'><strong>in</strong></span> <span class='ocrx_word' id='word_1_342' title='bbox 1590 4285 1874 4374; x_wconf 85' lang='lat' dir='ltr'><strong>superscriptione</strong></span> <span class='ocrx_word' id='word_1_343' title='bbox 1896 4285 1964 4376; x_wconf 89' lang='lat' dir='ltr'><strong>cpi·</strong></span> 
     </span>
     <span class='ocr_line' id='line_1_36' title="bbox 238 4387 1963 4486; baseline 0.006 -28"><span class='ocrx_word' id='word_1_344' title='bbox 238 4391 434 4477; x_wconf 77' lang='lat' dir='ltr'><strong>grammatis</strong></span> <span class='ocrx_word' id='word_1_345' title='bbox 456 4389 629 4476; x_wconf 82' lang='lat' dir='ltr'><strong>Agathiae</strong></span> <span class='ocrx_word' id='word_1_346' title='bbox 641 4440 648 4472; x_wconf 93' lang='lat'><strong>,</strong></span> <span class='ocrx_word' id='word_1_347' title='bbox 673 4411 772 4477; x_wconf 91' lang='lat' dir='ltr'><strong>quam</strong></span> <span class='ocrx_word' id='word_1_348' title='bbox 794 4387 845 4455; x_wconf 86' lang='lat' dir='ltr'><strong>ita</strong></span> <span class='ocrx_word' id='word_1_349' title='bbox 867 4387 1006 4476; x_wconf 89' lang='lat' dir='ltr'><strong>adponit</strong></span> <span class='ocrx_word' id='word_1_350' title='bbox 1028 4391 1076 4468; x_wconf 75' lang='grc' dir='ltr'><strong>εἰς</strong></span> <span class='ocrx_word' id='word_1_351' title='bbox 1096 4389 1178 4455; x_wconf 76' lang='lat' dir='ltr'><strong>cdvi</strong></span> <span class='ocrx_word' id='word_1_352' title='bbox 1202 4440 1209 4455; x_wconf 92' lang='lat'><strong>.</strong></span> <span class='ocrx_word' id='word_1_353' title='bbox 1233 4440 1240 4456; x_wconf 91' lang='lat'><em>.</em></span> <span class='ocrx_word' id='word_1_354' title='bbox 1263 4439 1290 4474; x_wconf 93' lang='lat'><strong>.,</strong></span> <span class='ocrx_word' id='word_1_355' title='bbox 1313 4397 1351 4457; x_wconf 90' lang='lat' dir='ltr'><strong>at</strong></span> <span class='ocrx_word' id='word_1_356' title='bbox 1371 4389 1458 4458; x_wconf 89' lang='lat' dir='ltr'><strong>liber</strong></span> <span class='ocrx_word' id='word_1_357' title='bbox 1479 4393 1583 4459; x_wconf 89' lang='lat' dir='ltr'><strong>habet</strong></span> <span class='ocrx_word' id='word_1_358' title='bbox 1604 4397 1652 4472; x_wconf 75' lang='grc' dir='ltr'><strong>εἰς</strong></span> <span class='ocrx_word' id='word_1_359' title='bbox 1673 4397 1775 4482; x_wconf 63' lang='lat' dir='ltr'><strong>ccidi,</strong></span> <span class='ocrx_word' id='word_1_360' title='bbox 1797 4400 1887 4486; x_wconf 91' lang='lat' dir='ltr'><strong>quod</strong></span> <span class='ocrx_word' id='word_1_361' title='bbox 1909 4408 1963 4469; x_wconf 90' lang='lat' dir='ltr'><strong>est</strong></span> 
     </span>
     <span class='ocr_line' id='line_1_37' title="bbox 235 4496 438 4580; baseline 0.005 -20"><span class='ocrx_word' id='word_1_362' title='bbox 235 4498 283 4574; x_wconf 75' lang='grc' dir='ltr'><strong>εἰς</strong></span> <span class='ocrx_word' id='word_1_363' title='bbox 302 4496 438 4580; x_wconf 76' lang='grc' dir='ltr'><em>νάβλαν.</em></span> 
     </span>
    </p>

    <p class='ocr_par' dir='ltr' id='par_1_11' title="bbox 367 4595 1961 4688">
     <span class='ocr_line' id='line_1_38' title="bbox 367 4595 1961 4688; baseline 0.006 -23"><span class='ocrx_word' id='word_1_364' title='bbox 367 4597 466 4665; x_wconf 88' lang='lat' dir='ltr'><strong>Alios</strong></span> <span class='ocrx_word' id='word_1_365' title='bbox 488 4598 598 4681; x_wconf 89' lang='lat' dir='ltr'><strong>locos,</strong></span> <span class='ocrx_word' id='word_1_366' title='bbox 631 4598 690 4663; x_wconf 91' lang='lat' dir='ltr'><strong>ubi</strong></span> <span class='ocrx_word' id='word_1_367' title='bbox 711 4596 766 4664; x_wconf 92' lang='lat' dir='ltr'><strong>vel</strong></span> <span class='ocrx_word' id='word_1_368' title='bbox 788 4596 903 4685; x_wconf 91' lang='lat' dir='ltr'><strong>plures</strong></span> <span class='ocrx_word' id='word_1_369' title='bbox 925 4595 981 4663; x_wconf 89' lang='lat' dir='ltr'><strong>vel</strong></span> <span class='ocrx_word' id='word_1_370' title='bbox 1003 4595 1178 4684; x_wconf 88' lang='lat' dir='ltr'><strong>pauciores</strong></span> <span class='ocrx_word' id='word_1_371' title='bbox 1201 4595 1356 4680; x_wconf 89' lang='lat' dir='ltr'><strong>litterae,</strong></span> <span class='ocrx_word' id='word_1_372' title='bbox 1389 4622 1488 4688; x_wconf 87' lang='lat' dir='ltr'><strong>quarn</strong></span> <span class='ocrx_word' id='word_1_373' title='bbox 1509 4600 1568 4669; x_wconf 88' lang='lat' dir='ltr'><strong>ille</strong></span> <span class='ocrx_word' id='word_1_374' title='bbox 1591 4607 1759 4687; x_wconf 86' lang='lat' dir='ltr'><strong>testatur,</strong></span> <span class='ocrx_word' id='word_1_375' title='bbox 1793 4607 1881 4676; x_wconf 84' lang='lat' dir='ltr'><strong>carie</strong></span> <span class='ocrx_word' id='word_1_376' title='bbox 1905 4609 1961 4677; x_wconf 92' lang='lat' dir='ltr'><strong>ab·</strong></span> 
     </span>
    </p>
   </div>
   <div class='ocr_carea' id='block_1_4' title="bbox 594 4771 652 4780">
    <p class='ocr_par' dir='ltr' id='par_1_12' title="bbox 594 4771 652 4780">
     <span class='ocr_line' id='line_1_39' title="bbox 594 4771 652 4780; baseline 0 0"><span class='ocrx_word' id='word_1_377' title='bbox 594 4771 652 4780; x_wconf 81' lang='lat'><strong>-—-</strong></span> 
     </span>
    </p>
   </div>
   <div class='ocr_carea' id='block_1_5' title="bbox 236 4877 1961 5216">
    <p class='ocr_par' dir='ltr' id='par_1_13' title="bbox 236 4877 1961 5126">
     <span class='ocr_line' id='line_1_40' title="bbox 344 4877 1960 4957; baseline 0.009 -28"><span class='ocrx_word' id='word_1_378' title='bbox 344 4877 370 4947; x_wconf 87' lang='lat'><strong>1)</strong></span> <span class='ocrx_word' id='word_1_379' title='bbox 389 4877 433 4932; x_wconf 89' lang='lat' dir='ltr'><strong>Ita</strong></span> <span class='ocrx_word' id='word_1_380' title='bbox 452 4877 538 4934; x_wconf 86' lang='lat' dir='ltr'><strong>codex</strong></span> <span class='ocrx_word' id='word_1_381' title='bbox 556 4877 715 4946; x_wconf 82' lang='lat' dir='ltr'><strong>Parisinus,</strong></span> <span class='ocrx_word' id='word_1_382' title='bbox 741 4879 769 4933; x_wconf 92' lang='lat' dir='ltr'><strong>in</strong></span> <span class='ocrx_word' id='word_1_383' title='bbox 788 4879 917 4936; x_wconf 86' lang='lat' dir='ltr'><strong>Palatino</strong></span> <span class='ocrx_word' id='word_1_384' title='bbox 936 4887 978 4936; x_wconf 85' lang='lat' dir='ltr'><strong>eat</strong></span> <span class='ocrx_word' id='word_1_385' title='bbox 996 4880 1040 4936; x_wconf 84' lang='grc' dir='ltr'><strong>ιό.</strong></span> <span class='ocrx_word' id='word_1_386' title='bbox 1078 4881 1112 4937; x_wconf 84' lang='lat' dir='ltr'><strong>ci.</strong></span> <span class='ocrx_word' id='word_1_387' title='bbox 1128 4881 1285 4940; x_wconf 76' lang='lat' dir='ltr'><strong>Finalernm</strong></span> <span class='ocrx_word' id='word_1_388' title='bbox 1302 4884 1430 4940; x_wconf 68' lang='grc' dir='ltr'><strong>ΙινιϊίιιΙιι</strong></span> <span class='ocrx_word' id='word_1_389' title='bbox 1456 4885 1616 4940; x_wconf 76' lang='lat' dir='ltr'><strong>Uotarauch.</strong></span> <span class='ocrx_word' id='word_1_390' title='bbox 1636 4904 1657 4941; x_wconf 82' lang='grc' dir='ltr'><strong>ι.</strong></span> <span class='ocrx_word' id='word_1_391' title='bbox 1681 4885 1775 4940; x_wconf 75' lang='lat' dir='ltr'><strong>Gaesi.</strong></span> <span class='ocrx_word' id='word_1_392' title='bbox 1794 4885 1842 4940; x_wconf 78' lang='lat' dir='ltr'><strong>dor</strong></span> <span class='ocrx_word' id='word_1_393' title='bbox 1858 4887 1960 4957; x_wconf 66' lang='lat' dir='ltr'><strong>poisat.</strong></span> 
     </span>
     <span class='ocr_line' id='line_1_41' title="bbox 236 4965 1961 5046; baseline 0.009 -30"><span class='ocrx_word' id='word_1_394' title='bbox 236 4965 345 5020; x_wconf 70' lang='lat' dir='ltr'><strong>Aulioi.</strong></span> <span class='ocrx_word' id='word_1_395' title='bbox 363 4983 391 5034; x_wconf 91' lang='lat' dir='ltr'><strong>p.</strong></span> <span class='ocrx_word' id='word_1_396' title='bbox 410 4967 445 5024; x_wconf 81' lang='grc'><strong>86</strong></span> <span class='ocrx_word' id='word_1_397' title='bbox 463 4983 490 5021; x_wconf 90' lang='lat' dir='ltr'><strong>n.</strong></span> <span class='ocrx_word' id='word_1_398' title='bbox 512 4972 542 5036; x_wconf 92' lang='lat' dir='ltr'><strong>l,</strong></span> <span class='ocrx_word' id='word_1_399' title='bbox 571 4969 618 5037; x_wconf 86' lang='lat' dir='ltr'><strong>qni</strong></span> <span class='ocrx_word' id='word_1_400' title='bbox 637 4977 728 5024; x_wconf 86' lang='lat' dir='ltr'><strong>tamen</strong></span> <span class='ocrx_word' id='word_1_401' title='bbox 748 4977 825 5025; x_wconf 83' lang='lat' dir='ltr'><strong>errat</strong></span> <span class='ocrx_word' id='word_1_402' title='bbox 843 4971 872 5024; x_wconf 92' lang='lat' dir='ltr'><strong>in</strong></span> <span class='ocrx_word' id='word_1_403' title='bbox 891 4985 924 5025; x_wconf 89' lang='lat' dir='ltr'><strong>eo</strong></span> <span class='ocrx_word' id='word_1_404' title='bbox 941 4971 1015 5040; x_wconf 89' lang='lat' dir='ltr'><strong>quod</strong></span> <span class='ocrx_word' id='word_1_405' title='bbox 1034 4971 1070 5026; x_wconf 83' lang='lat' dir='ltr'><strong>ad</strong></span> <span class='ocrx_word' id='word_1_406' title='bbox 1088 4973 1237 5041; x_wconf 79' lang='lat' dir='ltr'><strong>cephalon</strong></span> <span class='ocrx_word' id='word_1_407' title='bbox 1254 4972 1354 5043; x_wconf 80' lang='lat' dir='ltr'><strong>refert,</strong></span> <span class='ocrx_word' id='word_1_408' title='bbox 1388 4989 1458 5044; x_wconf 85' lang='lat' dir='ltr'><strong>quac</strong></span> <span class='ocrx_word' id='word_1_409' title='bbox 1476 4975 1662 5044; x_wconf 84' lang='lat' dir='ltr'><strong>antiquiorum</strong></span> <span class='ocrx_word' id='word_1_410' title='bbox 1681 4975 1850 5046; x_wconf 75' lang='lat' dir='ltr'><strong>syllogarum</strong></span> <span class='ocrx_word' id='word_1_411' title='bbox 1869 4976 1961 5033; x_wconf 89' lang='lat' dir='ltr'><strong>condi-</strong></span> 
     </span>
     <span class='ocr_line' id='line_1_42' title="bbox 236 5055 912 5126; baseline 0.006 -18"><span class='ocrx_word' id='word_1_412' title='bbox 236 5059 310 5111; x_wconf 79' lang='lat' dir='ltr'><strong>totta</strong></span> <span class='ocrx_word' id='word_1_413' title='bbox 328 5055 381 5112; x_wconf 85' lang='lat' dir='ltr'><strong>tihi</strong></span> <span class='ocrx_word' id='word_1_414' title='bbox 401 5056 602 5124; x_wconf 79' lang='lat' dir='ltr'><strong>permiserant,</strong></span> <span class='ocrx_word' id='word_1_415' title='bbox 630 5055 665 5112; x_wconf 83' lang='lat' dir='ltr'><strong>cf.</strong></span> <span class='ocrx_word' id='word_1_416' title='bbox 684 5057 759 5113; x_wconf 86' lang='lat' dir='ltr'><strong>inira</strong></span> <span class='ocrx_word' id='word_1_417' title='bbox 777 5073 804 5126; x_wconf 86' lang='lat' dir='ltr'><strong>p.</strong></span> <span class='ocrx_word' id='word_1_418' title='bbox 826 5061 868 5124; x_wconf 80' lang='lat' dir='ltr'><strong>ta,</strong></span> <span class='ocrx_word' id='word_1_419' title='bbox 887 5061 912 5112; x_wconf 88' lang='grc'><strong>6.</strong></span> 
     </span>
    </p>

    <p class='ocr_par' dir='ltr' id='par_1_14' title="bbox 343 5143 974 5216">
     <span class='ocr_line' id='line_1_43' title="bbox 343 5143 974 5216; baseline 0.003 -17"><span class='ocrx_word' id='word_1_420' title='bbox 343 5145 372 5214; x_wconf 82' lang='lat'><strong>2)</strong></span> <span class='ocrx_word' id='word_1_421' title='bbox 391 5143 431 5198; x_wconf 80' lang='lat' dir='ltr'><strong>cf.</strong></span> <span class='ocrx_word' id='word_1_422' title='bbox 451 5143 564 5213; x_wconf 76' lang='lat' dir='ltr'><strong>Berghii</strong></span> <span class='ocrx_word' id='word_1_423' title='bbox 582 5145 683 5216; x_wconf 78' lang='lat' dir='ltr'><strong>lyricos</strong></span> <span class='ocrx_word' id='word_1_424' title='bbox 701 5145 824 5202; x_wconf 78' lang='lat' dir='ltr'><strong>Graecos</strong></span> <span class='ocrx_word' id='word_1_425' title='bbox 842 5147 895 5201; x_wconf 81' lang='lat'>111⁴</span> <span class='ocrx_word' id='word_1_426' title='bbox 913 5149 974 5202; x_wconf 76' lang='lat'>851.</span> 
     </span>
    </p>
   </div>
   <div class='ocr_carea' id='block_1_6' title="bbox 346 5231 1943 5378">
    <p class='ocr_par' dir='ltr' id='par_1_15' title="bbox 346 5231 1943 5378">
     <span class='ocr_line' id='line_1_44' title="bbox 346 5231 1943 5378; baseline 0.008 -92"><span class='ocrx_word' id='word_1_427' title='bbox 346 5233 375 5301; x_wconf 78' lang='grc'><strong>3)</strong></span> <span class='ocrx_word' id='word_1_428' title='bbox 394 5231 530 5304; x_wconf 82' lang='grc' dir='ltr'><strong>ΡὶοοοΙοι,</strong></span> <span class='ocrx_word' id='word_1_429' title='bbox 550 5249 630 5304; x_wconf 85' lang='lat' dir='ltr'><strong>qoem</strong></span> <span class='ocrx_word' id='word_1_430' title='bbox 648 5251 673 5290; x_wconf 81' lang='lat' dir='ltr'><strong>v.</strong></span> <span class='ocrx_word' id='word_1_431' title='bbox 692 5251 719 5304; x_wconf 83' lang='lat' dir='ltr'><strong>p.</strong></span> <span class='ocrx_word' id='word_1_432' title='bbox 741 5239 800 5304; x_wconf 80' lang='lat'><strong>172,</strong></span> <span class='ocrx_word' id='word_1_433' title='bbox 820 5237 913 5291; x_wconf 85' lang='lat' dir='ltr'><strong>nescio</strong></span> <span class='ocrx_word' id='word_1_434' title='bbox 931 5243 1024 5292; x_wconf 88' lang='lat' dir='ltr'><strong>utrum</strong></span> <span class='ocrx_word' id='word_1_435' title='bbox 1041 5235 1088 5292; x_wconf 90' lang='lat' dir='ltr'><strong>hic</strong></span> <span class='ocrx_word' id='word_1_436' title='bbox 1106 5253 1214 5308; x_wconf 83' lang='lat' dir='ltr'><strong>qnoque</strong></span> <span class='ocrx_word' id='word_1_437' title='bbox 1231 5239 1393 5297; x_wconf 73' lang='lat' dir='ltr'><strong>creontisrit</strong></span> <span class='ocrx_word' id='word_1_438' title='bbox 1410 5255 1447 5296; x_wconf 85' lang='lat' dir='ltr'><strong>an</strong></span> <span class='ocrx_word' id='word_1_439' title='bbox 1465 5240 1623 5298; x_wconf 71' lang='lat' dir='ltr'><strong>cremeram</strong></span> <span class='ocrx_word' id='word_1_440' title='bbox 1641 5255 1737 5378; x_wconf 54' lang='lat' dir='ltr'><strong>sopora</strong></span> <span class='ocrx_word' id='word_1_441' title='bbox 1755 5241 1943 5312; x_wconf 66' lang='lat' dir='ltr'><strong>ascripserit</strong></span> 
     </span>
    </p>
   </div>
   <div class='ocr_carea' id='block_1_7' title="bbox 0 0 2473 6260">
    <p class='ocr_par' dir='ltr' id='par_1_16' title="bbox 0 0 2473 6260">
     <span class='ocr_line' id='line_1_45' title="bbox 0 0 2473 6260; baseline 0 0"><span class='ocrx_word' id='word_1_442' title='bbox 0 0 2473 6260; x_wconf 95' lang='lat' dir='ltr'><strong> </strong></span> 
     </span>
    </p>
   </div>
  </div>
 </body>
</html>
