4920 6264
1031 621 1291 694 „25-

422 817 480 885 Ad
501 817 689 886 Metrodori
711 841 845 886 carmen
865 824 906 885 ut
927 818 972 887 ad
993 819 1168 910 Posidippi
1190 819 1434 888 Boissonadius
1456 818 1609 887 enotavit
1631 819 1716 888 exB
1741 819 1929 909 scripturae
1952 819 2020 887 dic·

288 921 502 1009 crepantias,
536 923 596 990 sed
626 922 662 990 in
694 929 837 1013 utroque
861 923 910 992 cis
933 931 1025 992 recte
1047 925 1100 993 uti
1122 927 1194 994 sive
1216 927 1290 1014 ipse
1313 924 1435 993 nesciit
1457 925 1530 992 sive
1552 924 1583 992 is
1606 925 1664 1013 qui
1686 925 1818 992 schedis
1841 925 1913 992 eius
1935 947 2018 992 usus

290 1025 378 1093 hanc
400 1032 533 1116 partem
556 1026 667 1115 operis
690 1027 880 1096 adornavit.
925 1029 962 1095 in
984 1029 1223 1118 epigrammate
1234 1029 1419 1117 Posidippi,
1444 1029 1517 1112 359,
1541 1050 1662 1097 versus
1685 1031 1705 1096 7
1729 1053 1778 1118 sq.
1801 1028 1852 1097 ita
1874 1029 2021 1096 eduntur

498 1195 505 1208 ,
543 1131 643 1198 τέκνα
666 1133 781 1216 στόνοι,
818 1135 968 1220 πήρωσις
989 1136 1091 1212 ἄταις
1110 1139 1199 1220 βίος·
1222 1137 1260 1202 αἱ
1279 1138 1433 1219 νεότητος

632 1238 788 1323 όφρονες,
811 1239 849 1303 αἱ
868 1237 982 1306 πολιαὶ
1005 1238 1038 1305 θ’
1064 1242 1207 1324 ἔμπαλιν
1229 1238 1397 1324 ἀόρανέες.

289 1335 321 1402 Β
343 1359 425 1405 vero
448 1337 500 1406 ita
521 1339 659 1406 exhibet

546 1441 645 1510 τέκνα
668 1447 789 1528 τόνος,
820 1449 970 1532 πήρωσις
991 1449 1092 1524 ἄταις
1113 1450 1204 1531 βίος·
1239 1448 1277 1512 αἱ
1296 1448 1449 1530 νεότητος

633 1546 814 1634 ἀφραδέες,
845 1547 959 1620 πολιαὶ
981 1550 1015 1616 d’
1040 1546 1084 1617 αὖ
1105 1550 1207 1617 πόλιν
1229 1551 1402 1637 ἀόρανῆες.

291 1649 328 1716 iu
349 1647 403 1716 his
426 1671 500 1718 cum
523 1651 627 1730 τόνος
644 1657 808 1739 praestat,
833 1653 988 1740 quoniam
1007 1654 1190 1740 singularis
1207 1676 1365 1721 numerus
1383 1651 1577 1741 requiritur,
1601 1657 1673 1718 tum
1690 1649 1894 1740 pentametri
1910 1650 2019 1717 forms.

292 1753 542 1822 commendetur
564 1761 600 1821 et
623 1755 773 1822 acumine
795 1755 922 1843 insigni
943 1757 1173 1846 oppositorum
1195 1764 1231 1826 et
1253 1763 1373 1826 exacte
1396 1755 1614 1824 similitudine
1635 1755 1796 1843 perediae

1234 1863 1272 1928 ott
1290 1864 1443 1946 νεότητος

654 1962 839 2050 ῥωμαλέοι,
868 1964 982 2031 πολιαὶ
1005 1966 1039 2032 δ’
1065 1969 1208 2051 ἔμπαλιν
1230 1964 1391 2050 εὐσεβέες.

421 2065 575 2155 Denique
598 2066 681 2136 haec
702 2075 837 2138 restent
858 2070 1006 2138 carmina
1027 2069 1236 2154 vetustiora,
1273 2091 1359 2158 quae
1381 2067 1412 2134 B
1436 2089 1586 2136 seorsum
1607 2068 1650 2134 ab
1672 2065 1697 2134 S
1720 2065 1871 2134 continet

423 2168 562 2238 Lucillii
584 2171 807 2260 epigramma,
840 2173 929 2262 quod
959 2173 1087 2261 legitur
1108 2173 1152 2240 A.
1175 2173 1213 2241 P.
1236 2172 1290 2239 XI
1312 2173 1393 2254 389,
1425 2170 1663 2261 interpositum
1694 2177 1747 2238 cst
1777 2194 1810 2259 p.
1834 2169 1898 2234 192
1929 2168 2019 2236 inter

291 2273 510 2362 Pythagorae
532 2297 653 2343 versus
676 2299 796 2344 aureos
820 2283 855 2345 et
877 2277 1004 2346 iambos
1027 2279 1188 2369 quosdam
1200 2277 1422 2366 Byzantinos,
1446 2299 1586 2365 quorum
1607 2274 1708 2343 initia
1728 2298 1761 2342 v.
1782 2272 1872 2362 apud
1884 2271 2018 2340 Bandu-

292 2377 396 2463 rinm;
420 2379 481 2446 hos
505 2378 677 2468 excipiunt
698 2380 932 2469 Phooylidium
954 2404 1088 2450 carmen
1110 2390 1146 2449 et
1167 2382 1320 2468 gnomica
1342 2379 1506 2469 quaedam
1528 2385 1698 2468 excerpta.
1753 2377 1873 2445 lemma
1894 2375 2018 2444 adscri-

292 2487 387 2570 ptum
408 2482 512 2550 habet
534 2487 583 2561 εἰς
604 2486 768 2552 πλούσιον
790 2487 979 2570 ἄπληστον,
1008 2486 1171 2552 lectiones
1194 2509 1215 2552 a
1236 2484 1389 2552 Iacobsio
1412 2483 1498 2550 nihil
1520 2483 1692 2550 differunt.

417 2583 560 2654 Carmen
581 2587 814 2676 Phooylidium
846 2595 881 2656 et
911 2590 1072 2677 opuscula
1103 2589 1267 2679 quaedem
1286 2587 1439 2677 pedestri
1470 2610 1621 2656 sermone
1644 2587 1773 2676 scripta
1799 2609 1832 2674 p.
1857 2584 1921 2650 195
1943 2605 2018 2670 pro·

291 2691 401 2760 blema
422 2690 669 2758 arithmeticum
691 2692 735 2759 A.
758 2691 796 2759 Ρ.
819 2691 907 2762 XIV
929 2695 950 2759 2
981 2694 1134 2782 sequitur
1164 2716 1238 2760 cum
1270 2692 1426 2760 lemmate
1449 2691 1638 2779 ἐπίγραμμα
1660 2691 1891 2776 όριθμητικόν.
1937 2685 2017 2753 scri·

291 2801 411 2884 pturae
435 2795 696 2883 discrepantiam
718 2797 960 2866 Boissonadius
983 2799 1136 2882 notavit,
1171 2820 1237 2886 que
1258 2802 1358 2865 tenus
1380 2797 1458 2864 usui
1480 2802 1544 2864 est.

422 2898 653 2968 Subsecuntur
677 2901 832 2991 deinceps

420 3007 464 3076 A.
486 3008 525 3078 P.
548 3007 635 3074 XIV
660 3009 688 3090 1,
713 3007 766 3074 cui
789 3006 997 3094 adscriptum
1018 3007 1110 3074 ἄλλο.
1168 3009 1305 3093 practer
1337 3005 1458 3073 bonam
1488 3003 1666 3072 lectionem
1687 3003 1810 3089 φύσιος
1831 2998 1867 3066 in
1889 3022 1922 3064 v.
1946 2999 1966 3064 6
1988 2997 2018 3062 B

292 3135 359 3181 non
379 3112 446 3180 nisi
469 3112 637 3180 scribendi
660 3112 831 3180 erroribus
863 3110 1062 3202 quibusdam
1084 3109 1265 3199 discrepat.
1324 3107 1565 3178 Boissonadius
1599 3105 1713 3174 omisit
1741 3103 1797 3171 hic
1818 3101 2019 3170 mentionem

292 3217 415 3286 codicis
437 3218 478 3284 B.

421 3321 466 3388 A.
489 3321 528 3388 P.
551 3320 638 3389 ΧΠ
663 3321 713 3403 12,
749 3343 823 3387 oum
846 3319 1032 3402 solutione,
1057 3319 1099 3385 cf.
1122 3317 1392 3386 Boissonadium.

421 3425 465 3492 A.
488 3424 527 3491 P.
550 3424 637 3493 ΧΠ
661 3425 712 3507 51,
748 3447 822 3491 oum
844 3423 998 3492 lemmate
1021 3423 1102 3489 ἄλλο
1124 3425 1173 3500 εἰς
1195 3422 1397 3510 ἀνδριάντας
1417 3432 1522 3508 τρεῖς,
1545 3423 1581 3486 et
1603 3415 1739 3507 adpicta
1761 3413 1937 3483 solutione.
1982 3410 2019 3480 in

292 3553 323 3597 v.
347 3531 368 3596 3
390 3529 633 3597 Boissonadius
657 3528 801 3596 debebat
823 3528 972 3616 recipere
994 3526 1171 3594 lectionem
1193 3529 1279 3594 ὀκτὼ
1301 3527 1338 3592 θ’
1363 3525 1428 3610 ἐγὼ
1450 3533 1544 3610 μνᾶς.

420 3633 464 3700 A.
487 3633 525 3700 P.
548 3632 635 3701 ΧΠ
659 3632 710 3699 13.
741 3633 777 3698 in
798 3633 954 3699 lemmate
977 3629 1172 3719 conspirant
1193 3629 1265 3696 fere
1289 3627 1359 3695 cod.
1382 3627 1455 3695 Pel.
1480 3633 1515 3695 et
1536 3626 1576 3710 B,
1599 3629 1640 3692 ut
1662 3647 1704 3692 ex
1724 3620 1940 3691 Boissonadii
1962 3619 2019 3688 ad·

292 3738 464 3805 notatione
486 3736 602 3804 videre
625 3736 724 3819 licet,
757 3736 839 3803 item
861 3738 937 3804 v.3
971 3735 1008 3802 in
1029 3735 1155 3803 vitiose
1189 3735 1360 3823 scriptura
1392 3733 1559 3820 τέταρτον.
1602 3755 1635 3798 v.
1657 3731 1680 3796 4
1702 3731 1747 3814 μὴ
1770 3729 2020 3815 τροσευρήσεις,

293 3843 421 3910 aceedit
444 3842 577 3909 solutio.

422 3945 466 4012 A.
489 3945 527 4012 P.
551 3945 638 4012 ΧΠ
661 3947 692 4012 7.
737 3969 769 4010 v.
792 3945 813 4010 2
835 3944 866 4009 Β
889 3943 944 4012 καὶ
977 3947 1081 4031 στόμα
1104 3944 1180 4030 ἠδὲ
1201 3943 1327 4030 θέναρ,
1360 3942 1459 4033 ‘quod
1480 3940 1699 4030 recepissem,
1731 3937 1766 4004 ni
1789 3935 2020 4024 displicuisset

290 4051 426 4117 nimium
448 4051 584 4116 hiatus'.
641 4049 709 4115 leni
743 4049 948 4116 correctione
980 4049 1243 4116 subveniendum
1275 4048 1463 4136 scripturae
1498 4045 1660 4134 optimae:
1695 4039 1750 4108 καὶ
1773 4039 1923 4126 στόμαέ
1959 4036 2019 4123 ἠδὲ

291 4153 407 4242 θέναρ.
452 4154 522 4221 οοό.
546 4153 618 4219 Pal.
643 4156 747 4237 στόμα
768 4151 824 4219 καὶ
846 4153 971 4240 θέναρ,
994 4151 1090 4220 Plan.
1114 4155 1219 4236 στόμα
1241 4156 1306 4219 σὺν
1329 4151 1366 4218 dl
1386 4151 1516 4237 θέναρ,
1548 4149 1607 4216 ille
1640 4149 1859 4234 glossemate,
1893 4141 1948 4208 hio
1970 4141 2019 4207 in·

292 4258 515 4345 terpolatione
546 4280 637 4324 usus.
690 4255 731 4322 cf.
755 4255 798 4322 A.
822 4254 860 4322 P.
884 4255 918 4322 V
940 4257 1014 4340 246,
1037 4257 1077 4340 4;
1101 4256 1174 4338 250,
1199 4257 1238 4340 6,
1262 4256 1336 4340 281,
1360 4255 1399 4339 6;
1422 4253 1496 4336 295,
1522 4253 1560 4338 1;
1585 4251 1638 4318 IX
1660 4250 1758 4334 87,6
1793 4247 1863 4335 (ubi
1896 4245 2020 4313 codicis

291 4359 441 4428 Palatini
464 4367 632 4427 corrector
655 4365 690 4426 et
712 4358 882 4428 Planudes
905 4361 986 4428 item
1010 4360 1216 4447 singularem
1239 4358 1518 4446 substituerunt),
1553 4357 1626 4440 187,
1651 4357 1687 4438 1,
1712 4353 1789 4421 elia.
1845 4377 1878 4419 v.
1901 4353 1922 4418 6
1946 4350 2018 4418 Sal·

291 4467 388 4532 masii
411 4465 603 4533 coniectura
625 4466 744 4542 ττόσαις
767 4464 952 4532 editoribus
975 4465 1141 4533 Parisinis
1163 4464 1356 4553 recipienda
1377 4462 1461 4545 fuit,
1496 4484 1581 4551 quae
1605 4459 1820 4528 confirmatur
1842 4456 1965 4524 codicis
1987 4455 2019 4521 B

291 4568 433 4637 lectione
467 4572 564 4636 τόσα.
620 4567 813 4656 ceteroquin
834 4568 864 4635 B
887 4571 949 4637 hoc
970 4571 1006 4638 in
1029 4570 1270 4659 epigrammate
1292 4591 1358 4635 non
1380 4567 1447 4637 nisi
1475 4566 1646 4635 erroribus
1680 4560 1847 4632 scribendi
1881 4559 2018 4644 differt,

291 4672 456 4740 solutione
480 4680 582 4741 caret.
