4920 6264
1060 573 1287 642 ,η-

569 769 636 831 Ζεῦ
658 766 771 851 πάτερ,
793 763 857 854 άρα
879 773 1006 854 φίλημα
1027 771 1065 835 τὸ
1087 771 1265 857 νεκτάρεον
1288 773 1507 857 Γανυμήδευς
1552 787 1560 800 ’

656 875 780 956 πίνεις,
809 870 864 938 καί
885 875 962 939 τάδε
985 890 1054 940 σοι
1076 878 1273 960 χείλεσιν
1295 878 1449 961 οἰνοχοεῖ.

443 989 597 1078 Denique
620 991 655 1058 in
678 992 823 1058 carmine
846 999 995 1060 extremo
1018 992 1196 1062 Gramerus
1220 996 1366 1081 πτέρυγα
1389 995 1502 1078 dedit,
1534 995 1652 1063 Fixius
1676 998 1842 1086 πτέρυγας
1873 1004 2033 1080 testatur,

313 1093 468 1161 Piccolus
485 1117 619 1161 rursum
634 1096 779 1180 πτέρυγα
790 1097 966 1184 perspicue
984 1098 1053 1183 legi
1071 1099 1253 1166 contendit.
1299 1099 1397 1166 initio
1417 1099 1566 1187 πτέρυγα
1584 1101 1778 1189 scripserat,
1803 1102 1922 1171 deinde
1945 1128 1963 1182 ς
1983 1109 2033 1171 ta·

315 1220 381 1265 nna
405 1204 440 1265 at
461 1199 698 1286 perparvolum
720 1200 844 1267 adiecit
866 1223 984 1268 manus
1007 1202 1124 1288 prima.
1170 1202 1330 1270 videlicet
1352 1204 1518 1291 πτέρυγας
1539 1205 1636 1272 unice
1658 1229 1774 1274 verum
1798 1213 1867 1290 est,
1891 1207 1934 1274 cf.
1956 1230 2033 1275 enn-

320 1300 394 1368 dem
415 1300 624 1388 Meleagrum
644 1301 688 1368 A.
712 1301 750 1369 P.
774 1304 808 1371 V
830 1305 882 1386 57,
906 1305 943 1389 2;
969 1305 1042 1386 179,
1068 1306 1128 1389 10,
1159 1305 1232 1372 XII
1253 1308 1307 1389 65,
1330 1309 1361 1373 4.

445 1405 567 1494 Itaque
589 1410 698 1473 totum
719 1407 925 1494 epigramma
948 1408 996 1475 sic
1018 1410 1296 1478 conformavimus

567 1525 674 1595 Είπεν
687 1529 797 1617 Ἔρως
816 1534 877 1598 τὸν
898 1535 1002 1599 καλὸν
1024 1535 1108 1599 ίδὼν
1131 1536 1294 1618 παριόντα
1316 1538 1489 1601 Μυίσκον·

647 1633 831 1720 ’δωροῦμαι
852 1637 931 1702 τάδε
953 1653 1007 1703 σοι
1029 1637 1093 1718 τόξ’
1119 1637 1179 1722 ἐμά
1200 1637 1254 1703 καὶ
1279 1637 1471 1724 φαρέτρην·

568 1739 738 1823 δωροῦμαι
760 1737 816 1804 καί
838 1742 966 1824 πτηνὸν
988 1742 1066 1807 croc
1087 1743 1207 1806 καλόν·
1231 1745 1262 1807 εί
1283 1741 1311 1806 δ’
1337 1740 1390 1807 ἐπὶ
1412 1747 1522 1828 χείλεα

654 1846 780 1927 χείλεαί
799 1867 855 1927 μοι
877 1849 991 1928 θείης,
1013 1845 1161 1930 λάμβανε
1183 1844 1238 1910 καὶ
1261 1845 1444 1930 πτέρυγας.

445 1959 611 2028 Secuntur
634 1961 805 2029 Stratonis
828 1964 1070 2051 epigrammata
1092 1965 1157 2031 duo
1180 1964 1217 2030 in
1239 1988 1340 2031 unum
1364 1965 1504 2050 coalita,
1530 1991 1615 2055 quae
1637 1967 1672 2034 in
1695 1968 1909 2056 anthologiae
1931 1970 2029 2039 Musa

313 2063 436 2151 puerili
458 2064 611 2132 seiuncta
632 2066 810 2151 leguntur,
834 2067 1002 2136 distichon
1024 2071 1169 2137 alterum
1190 2069 1234 2135 A.
1258 2069 1295 2135 P.
1319 2069 1392 2136 XII
1412 2070 1496 2152 235,
1530 2071 1674 2139 alterum
1703 2095 1776 2139 cum
1798 2095 1933 2141 versum
1960 2076 2028 2164 pri·

313 2192 401 2235 mum
434 2169 622 2256 perdiderit
653 2193 715 2259 pro
749 2172 951 2240 tetrasticho
984 2173 1179 2256 tristichon‚
1234 2174 1373 2262 insuper
1407 2174 1522 2241 ordine
1556 2198 1712 2243 versuum
1745 2175 1864 2246 misere
1897 2185 2029 2266 pertur-

312 2274 394 2340 bato
417 2279 452 2340 et
474 2273 636 2340 vocabulo
658 2297 724 2341 uno
748 2274 870 2342 omisso
894 2277 1076 2360 confusum,
1100 2278 1173 2344 XII
1195 2278 1269 2344 237.
1325 2278 1397 2344 eius
1428 2279 1552 2346 erroris
1583 2279 1743 2348 librarius
1766 2282 1899 2370 punctis
1921 2284 2028 2372 primo

313 2376 479 2466 alterique
501 2377 617 2444 versui
633 2379 779 2445 subditis
796 2380 962 2446 conscium
985 2404 1020 2448 se
1043 2381 1202 2468 prodidit,
1228 2381 1287 2449 sed
1309 2380 1395 2447 nihil
1418 2382 1573 2449 correxit.
1620 2382 1797 2450 Oromenus
1820 2391 1932 2452 autem
1953 2409 2027 2454 cum

313 2484 456 2569 singulis
478 2483 635 2551 versibus
658 2483 769 2571 spatio
791 2484 916 2551 maiore
939 2484 1085 2551 diductis
1101 2491 1225 2572 puncta
1248 2485 1298 2552 ita
1312 2486 1562 2573 interposuerit,
1587 2493 1626 2554 ut
1644 2488 1781 2554 lacunas
1803 2487 1952 2556 indicare
1974 2490 2023 2558 vi·

314 2588 443 2670 deatur,
468 2595 503 2655 et
525 2589 569 2655 ad
589 2589 733 2677 primum
757 2589 820 2656 ‘hio
842 2611 962 2655 versus
986 2611 1102 2656 erasus
1126 2591 1199 2672 est',
1224 2590 1268 2656 ad
1289 2590 1433 2656 alterum
1454 2590 1540 2656 nihil
1562 2590 1717 2667 adnotet,
1742 2592 1886 2660 lectores
1908 2593 2027 2660 mirum

312 2693 348 2759 in
371 2692 502 2760 modum
524 2698 741 2760 transversos
764 2692 847 2778 agit.

440 2815 508 2882 Illa
531 2815 624 2882 alind
646 2814 830 2896 Stratonis,
864 2814 952 2904 qnod
974 2814 1093 2902 incipit
1115 2817 1293 2902 ἄγκιστρον
1315 2820 1496 2900 πεποίηκας
1518 2822 1600 2899 etc,
1624 2817 1668 2883 Α.
1691 2817 1729 2884 Ρ.
1752 2817 1825 2884 ΧΠ
1847 2820 1929 2903 241,
1963 2821 2025 2890 hoc

310 2941 391 2985 vero
414 2923 534 3008 poetae
555 2919 720 3006 incogniti
743 2919 947 3007 epigramma
971 2925 1048 2985 ante
1072 2917 1265 2986 (hamarum
1285 2919 1449 2986 ineditum
1471 2919 1596 3008 excipit

564 3025 679 3090 Αύποῢ
697 3048 770 3108 μοι,
802 3027 1009 3108 Κλεόβουλε,
1042 3026 1131 3108 παρά
1152 3024 1381 3109 στροφάίινγα
1401 3031 1494 3110 θνρᾰ

647 3126 874 3211 κλεπτομένην
896 3127 1029 3213 χάρισαι
1053 3129 1225 3211 Κύπριδος
1248 3128 1472 3213 εὐφροσύνην.

561 3236 582 3315 β
606 3281 613 3296 .
637 3281 644 3296 .
668 3281 676 3296 .
698 3233 782 3317 ἔρως
804 3230 867 3297 οὐκ
890 3226 961 3296 οἶδε
984 3233 1215 3315 ποθούμενος·
1238 3231 1259 3314 ἡ
1280 3232 1344 3315 γάρ
1367 3230 1513 3314 ἀνάγκης

656 3335 743 3419 μίξις
764 3337 959 3418 προστίμοις
980 3333 1145 3420 ἐνδέχεται
1168 3335 1302 3400 πάθεσι.

561 3437 697 3522 καὶγὰρ
721 3442 807 3515 Ζεὺς
827 3440 909 3515 θεὸς
930 3435 988 3522 ἦν
1018 3438 1085 3503 ἀλλ’
1110 3439 1209 3522 ἡνίκα
1229 3440 1348 3521 καιρὸν
1368 3440 1541 3521 ἔκλεπτεν,

647 3544 756 3619 αίετὸς
777 3542 797 3626 ἦ
819 3542 961 3626 δάμαλις
982 3542 1002 3625 ἢ
1024 3544 1147 3619 κύκνος
1169 3541 1334 3627 ἐβίέπεπο.

310 3648 360 3714 ita
382 3645 560 3714 Cramerus
583 3647 644 3712 hoo
667 3645 762 3713 dedit
782 3644 973 3732 poematica
996 3645 1101 3712 variis
1125 3645 1383 3712 difficultatibus
1407 3645 1613 3732 impeditum.

438 3769 496 3835 Ad
517 3791 637 3835 versus
666 3767 683 3833 1
721 3768 919 3834 vocabulum
950 3775 1134 3836 extremum
1168 3768 1277 3835 editor
1308 3767 1449 3834 adnotat
1473 3766 1547 3852 leg.
1570 3769 1716 3852 θνράωιί
1727 3819 1737 3853 ,
1770 3769 1958 3838 Meinekiua
1988 3773 2023 3838 in

307 3872 485 3940 Analeotia
506 3871 606 3939 Alex.
629 3895 661 3960 p.
686 3872 750 3937 395
772 3871 892 3938 maluit
915 3872 1016 3940 aliter
1038 3874 1217 3962 complere,
1241 3875 1399 3958 θυραίαν,
1421 3893 1518 3958 quem
1541 3871 1694 3960 sequitur
1715 3873 1868 3942 Pieoolus
1890 3898 1923 3963 p.
1947 3877 2021 3944 159.

309 3983 346 4044 at
368 3977 597 4066 acquieturum
621 3975 943 4043 firiasehioinelrium
967 3977 1083 4063 opinor
1105 3976 1141 4042 in
1164 3975 1332 4063 scriptura
1355 3973 1487 4056 codicis,
1513 3974 1543 4040 si
1565 3997 1638 4042 eam
1658 3975 1835 4046 Gramerus
1858 3984 1950 4046 recte
1972 3978 2021 4046 in·

309 4081 473 4166 dicasset,
496 4081 600 4148 habet
622 4081 709 4148 enim
731 4081 883 4165 θυράων.

436 4201 593 4269 Alterius
631 4225 750 4269 versus
787 4201 885 4267 initio
909 4201 1086 4268 Cramerus
1118 4204 1151 4285 β,
1186 4199 1263 4266 dein
1285 4199 1438 4265 lacunam
1470 4199 1630 4268 exhibuit.
1688 4208 1723 4270 et
1744 4203 1865 4270 lacuna
1886 4201 2019 4291 quidem

307 4306 408 4373 tineis
431 4306 488 4374 vel
510 4307 599 4373 carie
623 4307 745 4372 effecta
768 4306 874 4386 adest,
900 4305 961 4371 sed
982 4305 1118 4372 litterae
1140 4308 1173 4388 β,
1196 4326 1263 4391 qua
1285 4301 1427 4368 confisus
1444 4300 1710 4372 G.Hermannus
1733 4305 1769 4372 in
1790 4305 1915 4373 Annal.
1940 4306 2023 4375 Vin·

307 4410 422 4478 dobon.
446 4417 472 4478 t.
497 4409 578 4478 clv
599 4435 631 4498 p.
651 4411 717 4476 260
737 4411 863 4496 βριθύς
885 4409 1045 4491 coniecit,
1069 4431 1128 4476 nec
1152 4408 1229 4474 vola
1251 4429 1312 4472 nec
1333 4405 1516 4493 vestigium
1540 4409 1697 4477 cernitur.
1743 4409 1940 4496 Meinekiua,
1964 4411 2019 4478 vir

306 4513 432 4601 ingenii
456 4515 500 4582 ad
522 4514 740 4582 divinandum
762 4515 851 4580 inter
874 4536 986 4580 omnes
1009 4511 1260 4601 promptissimi,
1284 4509 1401 4576 dehoc
1418 4533 1519 4577 versu
1535 4513 1740 4600 expediendo
1763 4514 1930 4602 desperat,
1953 4513 2021 4581 nisi

305 4620 393 4708 quod
414 4619 451 4687 in
472 4623 686 4707 ποθούμενος
707 4620 854 4686 fortasse
877 4619 990 4687 πόθον
1011 4618 1110 4705 μένος
1131 4617 1240 4684 latere
1265 4615 1431 4702 opinatur.
1478 4615 1537 4682 sed
1559 4618 1692 4705 qualem
1715 4618 1801 4685 hunc
1822 4616 2019 4707 Cupidinem

305 4747 378 4791 esse
401 4724 566 4808 dicamus,
605 4725 663 4814 qui
693 4725 761 4791 vim
794 4722 954 4790 desiderii
976 4721 1135 4809 ignoret?
1168 4720 1396 4788 accusativum
1419 4721 1521 4786 verbo
1544 4722 1607 4788 οὐκ
1640 4719 1711 4789 οἶδε
1735 4721 1921 4790 subiectum
1953 4744 2019 4811 qua

303 4849 422 4894 versus
446 4829 525 4896 aedo
547 4834 649 4916 poeta
669 4827 832 4916 posuerit,
857 4826 1066 4894 demonstrat
1088 4848 1150 4892 sua
1172 4824 1271 4890 huius
1292 4822 1400 4911 ipsius
1424 4822 1488 4890 loci
1510 4823 1698 4894 imitatione
1718 4826 1845 4894 Paulus
1862 4825 2019 4894 Silentia·

303 4931 374 4999 rius
396 4933 440 4998 A.
463 4931 502 4999 P.
524 4933 558 5000 V
581 4933 655 5015 293,
680 4933 719 5014 1,
750 4929 832 5000 licet
860 4931 908 4998 ibi
930 4932 1035 4999 verba
1057 4935 1092 4998 et
1114 4927 1385 5018 compositionem
1407 4926 1442 4994 in
1465 4928 1566 4996 aliam
1589 4931 1792 5001 sententiam
1814 4930 1997 4998 detorserit

552 5035 868 5122 θεαμδνἜρας
888 5037 965 5104 ούκ
987 5031 1081 5102 οίδε
1103 5037 1329 5120 βιημαχος,
1365 5029 1448 5099 οὐδέ
1466 5056 1517 5110 τις
1538 5035 1622 5120 άλλη

640 5139 741 5226 άνέρα
762 5143 912 5225 νοσφίζει
935 5141 1051 5226 πρῆξις
1071 5138 1265 5225 ἐρωμανίης.
