4920 6264
1207 666 1461 738 „10-

464 865 559 934 latae
581 869 681 940 sunt,
714 863 770 930 vel
791 885 890 931 voces
912 863 1096 934 litteraeve
1127 888 1212 956 quas
1234 868 1363 936 lectore
1394 891 1461 936 non
1492 869 1617 936 monito
1649 868 1744 935 dedit
1777 867 1907 934 omnino
1940 867 2189 950 desiderantur,

469 970 605 1039 silentio
627 969 831 1052 transimus,
862 991 935 1036 cum
957 969 992 1035 hi
1016 969 1157 1038 editoris
1180 995 1313 1042 errores
1337 979 1537 1040 momentum
1558 996 1625 1040 non
1647 973 1803 1040 habeant.

596 1073 805 1160 Permagnus
837 1079 891 1140 est
922 1096 1081 1142 numerus
1111 1099 1174 1164 pro
1204 1077 1363 1146 foliorum
1384 1077 1558 1166 paucitate
1592 1099 1706 1145 eorum
1736 1075 1901 1156 locorum,
1933 1075 1992 1144 ubi
2014 1074 2192 1144 Cremerae

467 1177 564 1246 miris
585 1177 755 1245 interdum
772 1177 879 1245 modis
901 1177 1010 1246 falsus
1023 1177 1167 1247 vitiosas
1185 1204 1246 1268 pro
1262 1183 1353 1250 veris
1375 1183 1538 1250 lectiones
1561 1181 1667 1249 codici
1688 1181 1820 1264 tribuit,
1845 1180 2041 1270 saepissime
2062 1181 2192 1249 omuino

467 1282 555 1350 illud
576 1281 756 1365 commisit,
777 1280 868 1371 quod
888 1305 921 1370 p.
944 1283 1010 1350 388
1032 1283 1096 1350 11οο
1118 1284 1322 1374 interposita
1345 1309 1381 1353 se
1403 1309 1545 1376 usquam
1566 1287 1687 1354 fecisse
1709 1291 1831 1372 negat,
1862 1289 1901 1352 ut
1925 1285 2068 1373 exempli
2092 1309 2192 1352 manu

469 1390 588 1478 scripti
608 1389 770 1457 lectiones
792 1389 898 1456 tacite
919 1395 1078 1458 mutaret.
1122 1397 1163 1458 ut
1184 1393 1345 1478 graviora
1367 1391 1530 1479 quaedam
1560 1397 1696 1480 praeter
1727 1413 1785 1472 ea,
1818 1413 1904 1478 quae
1926 1388 2035 1457 adhuc
2057 1411 2192 1457 comme·

467 1500 599 1562 morata
621 1498 711 1576 sunt,
735 1492 1017 1562 defluam-nam
1039 1495 1151 1563 omnia
1171 1503 1290 1564 notare
1313 1496 1455 1564 editoris
1476 1496 1584 1564 futuri
1603 1495 1752 1563 est-iu
1776 1494 2008 1562 Theudoridae
2029 1494 2192 1582 epigram·

467 1606 558 1667 mate
575 1599 619 1665 A.
631 1596 728 1665 Plau.
747 1597 800 1665 IV
819 1598 882 1664 132
906 1598 1010 1687 (apud
1031 1598 1178 1668 Cramer.
1197 1624 1229 1689 p.
1241 1601 1315 1684 368,
1334 1602 1391 1688 24)
1415 1600 1624 1688 dignoscitur
1645 1603 1812 1687 λοχείην,
1835 1599 1871 1665 in
1887 1597 2102 1686 Asclepiadis
2121 1597 2192 1666 sive

466 1703 646 1792 Antipatri
668 1702 978 1771 Thessalonicensis
999 1703 1053 1770 IX
1075 1705 1138 1770 752
1162 1705 1207 1794 (p.
1231 1706 1305 1789 370,
1328 1707 1363 1793 6)
1395 1705 1485 1772 clare
1514 1702 1643 1790 legitur
1672 1705 1777 1788 θεόν,
1809 1726 1876 1770 uon
1907 1701 1996 1791 quod
2016 1702 2075 1769 ille
2098 1701 2191 1769 dedit

468 1812 615 1896 θρόνον,
648 1808 684 1874 in
715 1808 878 1895 adespoto
908 1807 953 1874 A.
976 1806 1014 1875 Ρ.
1037 1809 1091 1876 IX
1112 1810 1178 1876 680
1200 1809 1245 1898 (p.
1269 1811 1343 1891 370,
1368 1810 1401 1896 9)
1434 1820 1568 1896 φυτῶν,
1597 1831 1664 1874 non
1687 1809 1824 1894 φνγών;
1857 1805 2007 1876 eiusdem
2037 1805 2192 1874 carminis

467 1913 583 1982 versui
605 1911 707 1980 alteri
737 1934 797 1978 cur
819 1911 1040 2000 adscripserit
1060 1914 1259 1982 vocabulum
1281 1917 1372 2002 χώρᾳ
1394 1912 1552 1980 cancellis
1574 1911 1854 2000 circumsaeptum
1876 1935 1942 1978 non
1965 1911 2076 1998 capio,
2107 1909 2191 1977 nihil

468 2015 557 2084 enim
583 2017 656 2084 eius
686 2015 775 2084 modi
805 2015 841 2082 in
871 2014 1002 2102 codice;
1038 2016 1075 2083 in
1107 2017 1253 2086 Mariani
1285 2018 1430 2086 carmine
1461 2017 1505 2083 A.
1528 2016 1567 2084 P.
1590 2015 1644 2082 IX
1675 2016 1740 2082 669
1774 2015 1907 2103 (peta,
1932 2016 1986 2102 16)
2018 2016 2189 2082 invenitur

467 2143 671 2206 αιρναμενον
694 2119 785 2207 (sic),
816 2143 884 2187 uon
904 2129 1003 2208 αιρνᾶ
1024 2120 1104 2206 μένς
1133 2121 1170 2188 in
1192 2123 1335 2190 verboso
1358 2121 1503 2190 carmine
1524 2119 1655 2206 magnis
1677 2119 1835 2187 laudibus
1857 2119 1937 2186 olim
1960 2119 2127 2187 cumulato
2149 2118 2193 2185 A.

469 2223 508 2291 P.
531 2221 585 2290 IX
605 2224 669 2291 363
693 2223 738 2312 (p.
762 2224 836 2305 372,
860 2224 934 2311 25),
968 2222 1057 2312 quod
1084 2226 1186 2294 miror
1216 2227 1380 2294 neminem
1410 2227 1487 2293 dum
1512 2225 1684 2312 Meleagro
1720 2225 1884 2313 eripuisse
1898 2225 1936 2312 ¹),
1969 2223 2096 2311 legitur
2117 2223 2194 2291 v.3

469 2332 629 2415 χλοερην,
652 2327 687 2393 in
709 2327 956 2394 Anacreontion
978 2326 1193 2396 Constantini
1215 2355 1246 2397 v.
1263 2331 1306 2397 55
1328 2331 1465 2418 (paea,
1484 2331 1538 2418 12)
1562 2336 1616 2398 est
1633 2330 1752 2415 Ιδέδοις
1772 2353 1813 2414 με
1835 2329 1970 2414 βάλλον
1991 2351 2058 2394 non
2079 2328 2193 2413 ῥόδοις

469 2431 654 2516 έμβέλζων,
676 2428 799 2497 ibidem
821 2455 853 2496 v.
877 2432 920 2496 68
942 2430 987 2519 (p.
1004 2432 1078 2514 382,
1100 2433 1167 2520 23),
1191 2434 1249 2500 ubi
1272 2434 1469 2502 laborabam
1492 2457 1573 2502 sane
1595 2433 1811 2522 aliquamdiu,
1835 2455 1909 2498 oum
1932 2432 2101 2520 scriptura
2122 2430 2193 2520 psl·

469 2533 586 2616 luerit,
621 2533 774 2621 παρέχον
793 2532 867 2619 ἐμοὶ
887 2543 1082 2621 πονεῖσθαι,
1114 2543 1154 2603 ut
1175 2537 1211 2604 in
1231 2537 1433 2626 Matrangee
1454 2539 1559 2622 libro,
1591 2560 1658 2606 non
1679 2536 1821 2624 παρέσχε
1843 2560 1901 2621 μοι
1923 2547 2041 2603 πονεῖν
2066 2534 2107 2602 δέ
2113 2559 2120 2620 ;
2157 2535 2193 2602 in

471 2639 667 2708 Callimachi
697 2638 939 2727 epigrammate
969 2640 1013 2706 A.
1036 2641 1075 2708 P.
1098 2641 1170 2710 ΧΠ
1192 2644 1256 2710 118
1288 2644 1375 2730 (384,
1397 2644 1453 2731 23)
1483 2645 1625 2730 ἄκρητος
1656 2641 1819 2730 scriptum
1851 2645 1918 2722 est,
1949 2663 2015 2708 non
2041 2641 2193 2725 ἄκρατος,

471 2752 507 2812 et
529 2746 574 2834 (p.
591 2744 665 2827 384,
689 2744 744 2830 25)
768 2743 921 2830 ἐφίλησα,
941 2768 1008 2811 non
1029 2745 1186 2833 ἐφύλαξα,
1208 2749 1297 2837 quod
1318 2748 1504 2835 Bergkium
1525 2747 1561 2813 iu
1583 2769 1730 2814 errorem
1751 2744 1884 2812 induxit
1896 2745 1939 2832 ²)-;
1961 2743 1997 2811 in
2019 2744 2193 2833 Asclepia-

472 2849 525 2916 dis
546 2848 590 2914 A.
614 2847 652 2914 P.
674 2848 747 2914 XII
768 2849 811 2916 50
843 2850 984 2938 (pesa,
1009 2851 1063 2938 10)
1096 2853 1288 2937 αοιμιστέν,
1316 2874 1383 2918 nou
1412 2851 1583 2937 αομιστάν.
1639 2850 1720 2917 haec
1752 2847 1861 2915 omnia
1892 2848 1928 2916 iu
1958 2849 2069 2916 codice
2101 2855 2191 2917 recte

472 2953 600 3041 scripta
621 2976 642 3019 e
665 2951 822 3020 Cramero
845 2959 1005 3042 corrupta
1027 2960 1116 3020 suut.

600 3055 708 3144 Saepe
730 3056 817 3124 alies
840 3057 944 3140 idem,
979 3057 1142 3147 quidquid
1164 3057 1264 3141 dicit,
1298 3058 1434 3127 vitiosis
1456 3058 1536 3125 libri
1569 3058 1747 3148 scripturis
1771 3081 1812 3124 ex
1833 3057 1991 3126 Palatino
2014 3057 2193 3126 substituit

471 3162 640 3244 verioreS,
663 3161 772 3229 veluti
793 3162 829 3228 in
850 3161 996 3229 Mariani
1018 3161 1258 3251 epigrammate
1280 3162 1324 3230 A.
1348 3163 1386 3230 P.
1408 3163 1462 3230 IX
1485 3163 1549 3229 669
1571 3163 1616 3251 (p.
1640 3163 1714 3244 372,
1737 3163 1793 3249 20)
1817 3185 1951 3230 versum
1974 3163 2017 3229 10
2038 3163 2190 3245 inseruit,

472 3267 530 3357 qui
561 3268 657 3335 deest
687 3267 723 3333 in
744 3267 914 3350 Parisino,
949 3266 985 3333 in
1007 3265 1149 3334 Luciani
1170 3267 1214 3334 A.
1237 3267 1275 3334 P.
1299 3267 1334 3335 X
1356 3268 1399 3334 26
1422 3268 1467 3356 (p.
1492 3266 1566 3350 374,
1590 3266 1624 3354 9)
1647 3266 1845 3334 vocabulum
1867 3277 1969 3334 ταῦτα
1976 3317 1987 3352 ,
2019 3267 2055 3334 in
2078 3270 2191 3335 subse·

472 3373 588 3460 quenti
611 3371 759 3439 eiusdem
781 3371 939 3455 auctoris,
963 3371 1007 3437 A.
1030 3370 1068 3458 P.
1091 3370 1126 3438 X
1147 3371 1190 3437 27
1214 3372 1301 3458 (374,
1326 3371 1391 3460 11),
1416 3379 1497 3450 ἴσως
1517 3368 1698 3458 supplevit,
1721 3393 1885 3462 nusquam
1907 3371 2033 3439 monito
2054 3372 2191 3440 lectore.

603 3475 680 3541 Non
701 3474 810 3559 magis
832 3474 964 3561 uspiam
987 3497 1009 3541 a
1029 3475 1138 3564 prima
1160 3500 1260 3545 manu
1282 3476 1446 3544 discrevit
1468 3475 1699 3546 correctricem
1721 3476 1958 3558 recentiorem,
1994 3499 2079 3566 quae
2101 3479 2193 3544 intra

473 3580 585 3647 decern
606 3600 726 3646 versus
747 3602 779 3666 p.
804 3579 878 3660 375,
901 3580 923 3644 7
944 3578 1043 3662 γένος
1065 3580 1205 3665 addidit,
1229 3581 1249 3667 ἢ
1271 3583 1307 3648 in
1329 3583 1350 3667 η
1371 3581 1527 3664 mutavit,
1551 3605 1583 3648 v.
1606 3581 1629 3646 8
1651 3596 1695 3645 σν
1715 3579 1861 3647 inseruit
1882 3587 1961 3647 ante
1984 3586 2115 3668 ξυνίης,
2139 3583 2192 3649 de·

472 3682 572 3773 nique
594 3687 704 3748 totum
726 3681 894 3750 distichon
915 3684 1070 3750 ultimum
1091 3685 1126 3751 in
1149 3686 1299 3772 margine
1322 3686 1455 3754 adiecit.
1510 3685 1625 3753 eadem
1647 3683 1767 3751 titulos
1790 3683 1922 3752 addidit
1944 3708 1976 3773 p.
2000 3688 2082 3773 368,
2107 3690 2128 3755 6
2160 3696 2194 3755 et

604 3889 782 3956 Cremonis
814 3891 1025 3960 exscribendi
1046 3891 1162 3960 labore
1186 3893 1361 3962 admodum
1383 3893 1601 3980 indiligenter
1624 3894 1760 3961 functus
1793 3896 1876 3963 locis
1907 3896 2061 3984 plurimis
2091 3919 2108 3963 e
2140 3919 2192 3962 co·

474 3994 546 4062 dice
569 3992 693 4080 corrigi
715 4001 839 4085 potest,
875 3996 950 4084 ipsa
973 3995 1217 4084 epigrammata
1238 3998 1412 4086 eliquanto
1435 3998 1556 4065 rarius.
1582 4069 1583 4072 ,
1610 4003 1745 4065 restant
1773 4021 1881 4087 pauca
1904 3998 1976 4066 eius
1999 4000 2102 4082 modi,
2134 3999 2193 4065 ubi

472 4103 560 4171 liber
581 4099 757 4168 Parisinus
781 4100 1022 4188 suppeditabat
1044 4101 1234 4188 scripturae
1255 4125 1431 4190 perperam
1455 4102 1565 4170 editae
1589 4101 1838 4170 correctionem.

603 4203 792 4272 Levidense
825 4210 878 4270 est
916 4211 951 4271 et
987 4203 1049 4271 hoc
1086 4203 1196 4292 ipsum
1229 4228 1250 4271 a
1272 4204 1494 4273 Boissouadio
1516 4207 1552 4273 in
1574 4205 1701 4274 Anecd
1725 4206 1821 4273 novis
1844 4230 1875 4296 p.
1899 4207 1964 4273 403
1988 4211 2191 4296 occupatum,

473 4308 562 4399 quod
585 4309 732 4377 trimetri
754 4305 806 4374 illi
828 4307 1033 4395 Byzantini,
1057 4309 1114 4398 qui
1135 4308 1244 4376 locum
1266 4309 1468 4378 invenerunt
1489 4311 1580 4378 inter
1602 4311 1794 4400 antiquiora
1815 4335 1847 4400 p.
1864 4312 2003 4395 36618,
2026 4311 2063 4377 in
2085 4310 2196 4379 codice

473 4420 564 4481 recte
586 4411 752 4501 incipiunt
767 4421 926 4490 τοσοῦτος
949 4413 968 4480 ὁ
990 4417 1105 4498 πλοῦς,
1126 4412 1209 4480 item
1231 4414 1320 4503 quod
1341 4415 1464 4482 titulus
1487 4415 1522 4481 in
1545 4415 1682 4505 aliquod
1704 4415 1791 4483 artis
1814 4438 1906 4504 opus,
1930 4415 2019 4504 quod
2035 4414 2194 4483 Perseum

473 4516 593 4585 beluae
615 4516 764 4584 marinae
786 4515 1038 4583 interfectorem
1059 4539 1134 4584 cum
1154 4517 1372 4586 Andromeda
1394 4519 1610 4607 exprimebat,
1635 4519 1845 4606 conscriptus
1866 4520 1918 4586 ite
1937 4519 2066 4606 legitur

725 4623 877 4707 Περσεὺς
898 4629 997 4705 κῆτος
1018 4621 1121 4688 ὤλεσε
1143 4621 1198 4688 καὶ
1218 4622 1445 4710 Ἀνδρομέδην
1467 4623 1610 4708 ἐσάωσε,

473 4727 505 4792 h.
530 4747 558 4792 e.
582 4728 716 4810 ὄλεσσε,
748 4730 786 4792 at
808 4721 986 4790 thomarus
1009 4726 1073 4790 aar
1095 4723 1269 4793 indicavit.
1325 4725 1498 4813 Agatbiae
1521 4727 1561 4794 de
1584 4726 1702 4794 tabula
1723 4727 1853 4794 lusoria
1875 4751 2005 4796 cannen
2027 4728 2063 4794 in
2085 4727 2128 4793 A.
2153 4725 2192 4792 P.

476 4829 529 4899 IX
551 4829 617 4897 768
638 4829 691 4896 ita
711 4827 831 4915 incipit

584 5029 610 5096 1)
628 5026 706 5081 iusta
724 5026 796 5081 euim
814 5025 958 5095 euphrasia
977 5034 1019 5083 est
1038 5027 1074 5083 ad
1094 5029 1234 5087 rhetorum
1253 5039 1403 5100 praecepta
1421 5029 1513 5102 iacta;
1538 5031 1573 5088 cf.
1592 5032 1708 5087 maxime
1727 5030 1863 5086 Rhetoras
1882 5045 1924 5098 gr.
1942 5045 1959 5084 a
1977 5028 2086 5084 Walaio
2105 5027 2195 5086 editos

473 5127 494 5172 t.
512 5117 526 5171 1
544 5132 571 5185 p.
590 5117 642 5171 eal
662 5131 730 5185 sqq,
748 5114 896 5170 Liberium
915 5113 1022 5170 lieiakii
1042 5125 1061 5172 t.
1079 5117 1119 5172 1v
1137 5137 1163 5188 p.
1185 5123 1251 5176 1051
1272 5137 1331 5190 sqq.
1380 5120 1423 5176 vel
1450 5137 1533 5175 unum
1562 5121 1730 5176 neutericum
1757 5117 1855 5172 κδλιεε
1880 5121 1918 5188 (ν.
1936 5121 1981 5190 15)
2009 5118 2079 5174 satia
2098 5115 2192 5188 prodit

480 5213 591 5276 postam
608 5205 750 5274 aliquanto
770 5205 958 5260 recentiorem.

584 5296 613 5366 2)
632 5294 673 5352 ci.
693 5295 950 5350 commentationem
969 5295 1013 5350 cui
1031 5295 1163 5367 inscripsi
1180 5298 1397 5369 ‘Epigrammata
1416 5299 1444 5352 in
1463 5299 1548 5353 muris
1567 5301 1642 5368 picta
1660 5298 1723 5354 duo’
1742 5314 1770 5367 p.
1791 5301 1831 5353 la.
