4920 6264
1171 609 1428 681 ..20...

442 815 657 902 cognovimns
673 813 809 883 aliunde
820 814 972 904 petitam,
996 835 1064 880 non
1079 834 1120 879 ex
1133 811 1295 880 communi
1307 811 1400 878 fonte
1419 811 1628 899 syllogarnm
1640 808 1705 877 SB.
1750 811 1865 900 itaque
1886 811 2034 879 indidem
2055 819 2167 880 trans·

441 921 549 990 latum
571 920 660 1010 quod
680 941 713 1008 p.
738 920 802 988 leo
823 921 914 987 inter
937 917 1069 986 ‘Procli'
1093 917 1364 1003 interemptione
1384 925 1591 1003 χαρακτῆρας
1602 917 1625 1002 ¹)
1659 921 1694 982 et
1715 914 1904 983 Alexandri
1925 915 2167 1006 Aphrodisien-

443 1028 492 1094 sis
504 1025 720 1094 Problemata
731 1023 959 1092 intermissum
970 1023 1098 1110 legitur
1110 1022 1316 1110 epigramma
1328 1020 1410 1088 etin
1426 1019 1450 1088 S
1467 1019 1563 1087 deest
1585 1023 1634 1098 εἰς
1655 1021 1836 1088 δακτύλιον
1857 1024 1975 1108 ἔχοντα
1997 1025 2168 1108 σφραγῖδα

442 1130 587 1218 ἐρῶντας
608 1131 672 1196 δύο
693 1127 748 1196 eat
771 1128 838 1195 ἀτιὸ
859 1141 927 1195 τῶν
949 1127 1098 1214 στέρνων
1120 1128 1231 1194 αὐτῶν
1253 1127 1316 1193 δύο
1339 1124 1464 1212 δένδρα
1486 1124 1696 1211 ἐκπεφυκότα
1716 1123 1772 1190 aul
1795 1129 1844 1204 εἰς
1865 1125 1925 1192 ἕνα
1947 1131 2167 1214 συγκορυφώ-

441 1257 526 1320 μενιι
547 1235 735 1320 ιιόρυμβου,
767 1231 883 1300 addito
906 1231 942 1300 in
963 1231 1114 1316 margine
1136 1230 1292 1297 lemmate
1314 1239 1388 1297 τοῦ
1409 1231 1667 1316 προδρόμου
1687 1240 1814 1317 ιιυροῦ
1835 1232 2073 1320 θεοδώρου
2104 1243 2166 1300 τοῦ

442 1348 616 1424 σοφιστοῦ.
661 1336 768 1404 edidit
790 1337 851 1404 hos
873 1358 1003 1426 quoque
1026 1357 1145 1402 versus
1166 1334 1362 1402 Dutheilius
1384 1334 1421 1402 in
1443 1335 1570 1401 Notices
1591 1343 1620 1400 et
1644 1336 1795 1402 Extraite
1806 1336 1897 1404 vm
1908 1338 1939 1422 2,
1964 1339 2030 1405 194
2051 1361 2093 1406 ex
2113 1361 2166 1406 co·

444 1441 516 1510 dice
548 1443 630 1510 Vat.
654 1441 765 1529 305²).
827 1446 960 1509 restent
990 1441 1080 1508 inter
1110 1438 1305 1528 Byzantina
1335 1461 1435 1506 rarae
1466 1447 1640 1506 auctorum
1670 1441 1867 1526 memoriae,
1899 1449 2037 1532 praeter
2067 1466 2168 1510 unam

445 1570 574 1629 omnes,
599 1546 629 1614 si
651 1553 744 1614 recte
766 1545 953 1628 observavi,
977 1545 1059 1612 item
1082 1545 1218 1612 additae
1241 1545 1463 1626 carminibus,
1497 1545 1619 1633 quibus
1643 1546 1667 1612 S
1691 1553 1785 1614 caret
1808 1557 1951 1638 atquae
1974 1548 2064 1616 inter
2087 1573 2166 1638 opn-

446 1651 539 1720 soula
562 1653 604 1720 ab
627 1650 651 1720 S
675 1652 785 1719 aliena
818 1652 927 1719 locum
959 1650 1095 1717 habent.
1152 1673 1184 1738 p.
1210 1651 1344 1716 14761
1368 1651 1445 1718 162*
1467 1649 1570 1717 iambi
1591 1651 1752 1737 legantur
1774 1663 1835 1719 τοῦ
1858 1655 2055 1740 σοφωτάτου
2077 1677 2166 1742 τρα-

443 1774 641 1844 τασιμιρητις
672 1755 766 1844 (sic),
801 1779 884 1845 qnos
918 1754 1160 1824 Boiasonadius
1191 1755 1319 1822 Aneed.
1340 1755 1361 1822 1
1383 1779 1415 1844 p.
1439 1756 1503 1822 399
1535 1763 1571 1822 et
1604 1757 1664 1824 161
1700 1757 1807 1824 edidit
1839 1780 1880 1824 ex
1902 1759 1950 1840 B,
1985 1759 2084 1828 simul
2116 1761 2166 1828 in·

446 1861 529 1930 diois
551 1861 688 1944 veteris,
712 1860 770 1950 qni
792 1861 898 1929 codici
919 1861 1087 1950 praefixus
1111 1867 1173 1943 eet,
1197 1883 1259 1948 ope
1283 1883 1403 1927 eruens
1426 1883 1544 1926 nomen
1566 1861 1759 1941 Λέοντος
1781 1864 1980 1949 Βαρδαλῆ
1997 1884 2167 1952 aposcop-

444 1969 635 2053 ιιρηταρίου.
679 1964 767 2032 idem
777 1965 874 2032 homo
884 1989 973 2032 nunc
982 1965 1155 2032 invenitur
1165 1965 1256 2032 inter
1268 1987 1334 2047 eos,
1359 1965 1403 2032 ad
1412 1987 1495 2053 quos
1506 1963 1672 2032 Maximus
1684 1965 1854 2034 Planudes
1869 1967 2006 2037 litteras
2022 1970 2115 2038 dedit
2127 1973 2171 2062 ⁸).

444 2094 477 2160 p.
502 2071 565 2138 148
586 2069 811 2138 Manuelis
833 2069 992 2137 Philae
1015 2071 1089 2156 (τοῦ
1111 2072 1216 2157 φιλῆ),
1241 2069 1334 2136 cuiue
1357 2069 1387 2134 Β
1409 2069 1510 2157 plura
1530 2070 1635 2136 habet
1657 2070 1729 2136 sine
1751 2072 1902 2154 nomine,
1926 2081 2045 2142 extant
2066 2076 2169 2144 iambi

447 2176 506 2258 12,
546 2175 603 2264 qui
625 2174 790 2262 incipiunt
820 2178 903 2252 θεὸς
939 2175 1005 2260 μετ)
1042 2175 1135 2259 ἡμῶν
1158 2176 1342 2260 οὐρανούς,
1376 2173 1460 2240 editi
1481 2173 1534 2240 illi
1568 2197 1589 2240 a
1610 2173 1744 2241 Millero
1767 2175 1802 2242 in
1824 2175 1943 2245 Philae
1965 2179 2168 2250 carminibus

447 2287 472 2347 t.
495 2281 533 2346 H
555 2304 587 2368 p.
610 2281 685 2346 405.
742 2304 773 2367 p.
799 2279 861 2344 163
885 2278 1012 2364 legitur
1035 2277 1218 2364 Georgii
1241 2277 1422 2344 Pisidae
1446 2277 1592 2364 amplum
1613 2301 1731 2367 poema
1752 2279 1929 2348 iambicinn
1951 2281 1993 2350 de
2014 2284 2169 2354 vanitate

446 2386 539 2453 vitae
562 2385 685 2452 dudum
708 2383 947 2471 evolgatum‘),
971 2383 1059 2472 quod
1081 2383 1200 2472 incipit
1217 2384 1353 2463 ἄνοιξον
1375 2384 1454 2468 ἡμῖν
1475 2393 1536 2449 τοῦ
1558 2387 1721 2469 λογισμοῦ
1743 2387 1801 2464 τὰς
1823 2387 1940 2470 σύλας,
1964 2389 2165 2456 cuminscri·

447 2490 562 2580 ptione
595 2500 656 2557 τοῦ
678 2489 876 2577 σοφωτάτου
896 2497 1003 2575 τυροῦ
1024 2491 1190 2573 γεωργίου
1209 2497 1271 2554 τοῦ
1292 2487 1431 2553 αισίδου
1451 2490 1499 2566 εἰς
1527 2490 1586 2553 τὸν
1619 2487 1839 2575 ἀνθρώπινον
1871 2495 1963 2576 βίον·
1997 2490 2052 2560 aul
2084 2497 2168 2560 κατὰ

447 2595 682 2684 ὑπερηφάνων.
725 2599 868 2682 ἔμμετρα
890 2593 1035 2680 λαμβιιωλ.
1079 2595 1116 2660 τὸ
1139 2594 1338 2680 πρόγραμμα
1361 2595 1445 2681 πρὸς
1465 2596 1525 2659 τὸν
1546 2598 1693 2682 χριστόν.
1737 2601 1896 2664 secuntur
1918 2621 1950 2686 p.
1975 2599 2038 2666 165
2060 2598 2166 2685 ἕτεροι

448 2707 553 2788 στίχοι
575 2697 712 2787 ἡρωικολ
735 2703 784 2778 εἰς
804 2701 865 2784 τὴν
888 2701 992 2784 αὐτὴν
1013 2701 1191 2783 ὑιιόδεσιν,
1213 2721 1353 2787 quorum
1374 2697 1501 2786 primus
1524 2703 1579 2768 est
1599 2701 1721 2785 ἄνδρες
1742 2700 2077 2786 capraemortem
2095 2709 2167 2789 βιο-

447 2809 607 2891 ιιαίγμονι
628 2804 750 2891 τέφρη,
784 2803 959 2872 allillero
980 2827 1041 2892 per
1064 2825 1210 2870 errorem
1232 2803 1321 2870 inter
1343 2802 1461 2871 Philae
1484 2804 1632 2872 carmine
1654 2805 1705 2891 (Π
1726 2806 1804 2892 384)
1827 2808 1968 2896 recepti;
2003 2809 2165 2876 Boivinus

450 2911 540 2998 apud
560 2908 769 2976 Bandurium
791 2931 848 2976 eos
869 2909 943 2974 iure
966 2907 1127 2994 adsignat
1148 2908 1255 2974 eidem
1275 2906 1432 2993 Georgia,
1457 2908 1551 2974 cuius
1573 2931 1691 2978 nomen
1714 2933 1735 2977 a
1756 2911 1898 2979 librario
1921 2913 2078 2981 omissum
2093 2936 2166 2982 esse

450 3015 598 3083 ostendit
613 3013 735 3082 titulus
758 3012 1010 3102 epigrammatis
1032 3011 1122 3100 quod
1143 3012 1292 3079 succedit
1314 3035 1345 3100 p.
1370 3013 1433 3079 166
1464 3016 1512 3091 εἰς
1543 3017 1603 3080 τὸν
1625 3013 1663 3080 έυ
1684 3016 1882 3103 βλαχέρναις
1903 3022 2003 3085 ναόν·
2026 3030 2086 3087 τοῦ
2107 3020 2166 3086 at

449 3131 519 3189 τοῦ.
563 3118 669 3186 edidit
690 3117 777 3184 illud
800 3139 841 3184 ex
862 3116 935 3206 ipso
955 3115 1197 3203 BDncangius
1218 3116 1254 3183 in
1276 3117 1366 3184 notis
1389 3116 1434 3185 ad
1455 3117 1606 3186 Zonarae
1629 3125 1654 3186 t.
1667 3120 1705 3186 11
1726 3144 1758 3209 p.
1772 3122 1824 3202 66,
1847 3123 1935 3194 unde
1957 3125 2167 3212 repetierunt

450 3223 642 3292 Bandurius
664 3223 700 3289 in
722 3223 867 3311 imperio
891 3221 1010 3288 orient.
1033 3221 1053 3288 Ι
1076 3221 1138 3288 177
1168 3228 1204 3288 et
1224 3219 1400 3289 Fabricius
1422 3221 1458 3289 in
1480 3222 1568 3290 Bibl.
1593 3247 1644 3310 gr.
1667 3225 1759 3292 vm
1781 3227 1844 3293 615
1868 3226 2025 3294 editionis
2046 3229 2166 3296 Harle-

451 3330 583 3414 sianae;
618 3329 689 3396 sine
713 3328 862 3396 auctoris
883 3327 1014 3395 nomine
1047 3325 1175 3413 legitur
1207 3326 1242 3394 in
1264 3327 1307 3394 A.
1331 3327 1369 3394 P.
1391 3327 1411 3394 Ι
1434 3329 1497 3396 120
1530 3329 1659 3397 mendis
1682 3329 1950 3418 deformarent).
1996 3332 2167 3418 subiungi·

453 3482 569 3492 -ι-μ.
586 3483 621 3489 -..
640 3483 775 3491 -...‹-—0--.
791 3483 825 3489 -u
847 3483 860 3490 -ι

563 3591 587 3658 1)
607 3589 647 3644 ct.
667 3589 815 3645 Hinchium
832 3592 927 3646 Jatrt.
944 3598 971 3660 f.
992 3595 1069 3646 elaea
1093 3591 1191 3644 Ρλιλολ.
1213 3607 1238 3645 a.
1261 3594 1329 3646 1869
1348 3608 1373 3660 p.
1393 3595 1445 3646 tat
1465 3607 1539 3660 τοι),
1558 3593 1604 3660 qui
1624 3591 1787 3646 lectionibus
1807 3591 1866 3648 cod.
1886 3592 1908 3644 B
1927 3609 1991 3648 usus
2011 3605 2060 3647 est.

559 3683 588 3745 2)
606 3679 910 3737 TheodoroProdromo
921 3681 1101 3750 assignandos
1110 3682 1194 3735 etiam
1203 3681 1330 3735 crederes
1339 3695 1400 3736 esse
1410 3680 1515 3736 iambos
1524 3696 1550 3748 p.
1566 3683 1630 3736 190¹
1639 3681 1736 3749 quibus
1747 3682 1910 3750 inscriptum
1927 3689 1970 3736 est
1988 3681 2044 3734 roi
2063 3680 2171 3734 aiano·

450 3771 612 3840 ἐπίγραμμα
629 3771 666 3830 ric
684 3768 773 3838 ια’φοο
790 3779 841 3825 eto.
862 3779 889 3824 et
907 3771 954 3840 qni
972 3771 1106 3839 incipiant
1124 3767 1157 3835 ἢν
1174 3772 1253 3840 λογον
1271 3769 1418 3834 irremota.
1448 3771 1495 3824 sed
1515 3786 1530 3824 e
1548 3771 1642 3825 codIce
1662 3770 1906 3825 bibI.Bodieianae
1925 3771 2072 3827 Olariiauo
2092 3787 2118 3826 n.
2135 3775 2166 3826 16

447 3856 497 3926 (ai.
517 3855 667 3912 Gaisfordii
685 3859 840 3928 catalogum
860 3859 872 3912 I
891 3876 919 3928 p.
934 3861 969 3914 62
987 3859 1046 3929 IV),
1066 3861 1094 3912 iu
1114 3875 1193 3927 quem
1212 3860 1288 3914 varia
1307 3869 1418 3927 recepta
1437 3869 1500 3914 sunt
1519 3875 1553 3912 ex
1572 3859 1667 3914 eodem
1686 3861 1766 3928 libro,
1785 3877 1839 3928 qno
1861 3861 1883 3914 B
1904 3877 1968 3915 usus
1988 3867 2039 3928 est,
2059 3862 2166 3930 conligo

451 3946 687 4018 Theophylactum
706 3948 855 4017 Balgatiae
874 3949 1112 4018 archiepiscopum
1130 3948 1260 4019 indicari;
1280 3946 1314 4004 ci.
1335 3948 1457 4004 Fabricii
1477 3947 1548 4002 Bibl.
1568 3965 1608 4017 gr.
1622 3948 1687 4002 VIII
1705 3951 1766 4003 669.
1803 3949 1940 4003 antecedit
1959 3949 1986 4002 in
2007 3947 2028 4002 Β
2047 3949 2169 4004 tetrasti-

451 4035 522 4091 chon
549 4035 717 4092 hexametris
743 4037 891 4093 inconditis
910 4039 1042 4106 seriptum
1061 4039 1097 4098 ιλς
1114 4041 1184 4099 τέλος
1201 4039 1253 4092 τῶν
1270 4041 1299 4092 λυ
1316 4037 1425 4110 luerem]
1443 4037 1598 4108 ἐξηγητικαῖν
1615 4037 1660 4091 τοι)
1678 4039 1844 4106 βονλγαρλας
1860 4039 1895 4097 eir
1913 4036 1961 4097 adr
1978 4037 2020 4090 ΐδ
2033 4036 2171 4097 Inimici:

451 4128 496 4180 rot
513 4127 634 4199 μεγάλου
652 4128 774 4192 παῦλαν,
802 4143 915 4196 quorum
936 4137 1074 4183 extremus
1094 4135 1135 4183 eat
1153 4128 1202 4193 ἤδη
1220 4130 1302 4199 τέρμα
1321 4128 1423 4198 κύρσαι
1441 4128 1576 4182 λιιιστολαλ
1594 4127 1695 4198 ἀνδρὸς
1713 4126 1827 4198 ἀγαυοῦ.

555 4220 643 4290 6)(11.
663 4219 778 4275 Maximi
803 4222 929 4277 monachi
947 4220 1079 4276 Planudis
1109 4222 1190 4290 epist.
1207 4221 1249 4276 ed.
1269 4221 1343 4276 Max.
1362 4221 1436 4275 Trea
1454 4221 1550 4290 (1866)
1576 4228 1649 4289 part.
1669 4221 1682 4274 I
1700 4236 1727 4288 p.
1748 4221 1792 4288 1⁰3
1822 4217 1917 4274 eadem
1942 4218 2061 4284 epistula
2085 4225 2168 4270 autea

451 4317 512 4364 orat
530 4309 672 4378 publicata
690 4327 707 4364 a
725 4310 910 4367 Piecolomino
929 4313 958 4366 in
978 4313 1098 4366 Eutratti
1119 4313 1215 4366 inediti
1237 4313 1286 4366 dai
1307 4311 1394 4366 codici
1415 4314 1502 4382 praei,
1533 4312 1580 4380 qui
1605 4325 1640 4366 ex
1657 4309 1764 4362 Αυαυλι·
1786 4308 1853 4361 della
1879 4307 2030 4360 Uniaeraiti
2053 4305 2168 4358 Τοισαιιι

450 4409 471 4452 t.
491 4395 556 4452 XVI
574 4413 697 4453 seorsum
715 4399 782 4455 editi
802 4410 881 4466 suut,
900 4417 927 4469 p.
946 4403 978 4455 61
1000 4417 1039 4470 sq.

560 4487 589 4555 t)
608 4487 728 4543 Primum
748 4489 835 4544 edidit
853 4490 884 4544 F.
903 4490 1048 4546 Morellius
1073 4506 1134 4545 curn
1153 4491 1322 4546 Hexaemero
1342 4488 1453 4558 Georgii
1472 4489 1589 4544 Parisiis
1613 4504 1638 4542 a.
1659 4489 1728 4542 1684
1748 4485 1794 4558 (ci
1815 4485 1971 4540 lindesiam
1991 4484 2025 4538 ad
2045 4482 2167 4537 Fabricii

452 4575 580 4645 Biblgr.
599 4574 736 4632 1111614
754 4578 805 4647 ω),
834 4579 944 4646 saepius
972 4587 1068 4648 postea
1097 4580 1244 4648 repetitum
1269 4587 1297 4634 et
1323 4578 1448 4632 ultimum
1475 4593 1601 4633 recusum
1626 4585 1669 4632 est
1694 4578 1767 4632 inter
1795 4585 1888 4631 cetera
1906 4572 2028 4629 eiusdem
2047 4570 2169 4627 auctoris

453 4665 558 4732 scripta
576 4666 605 4720 in
624 4665 800 4736 Patrologiae
820 4682 837 4722 a
855 4668 960 4737 Idissuio
978 4669 1116 4724 incuriose
1135 4677 1282 4724 accuratae
1300 4667 1354 4723 vol.
1372 4667 1456 4735 xcii,
1474 4674 1539 4735 post
1558 4666 1713 4722 chronicon
1731 4666 1867 4722 Pascbale
1886 4681 1912 4734 p.
1934 4665 2003 4719 1682
2022 4676 2079 4729 sqq.

560 4756 588 4823 6)
607 4753 639 4807 V.
660 4759 676 4810 6
694 4755 723 4810 in
741 4756 835 4813 codiee
853 4757 982 4813 Palatino
1000 4764 1043 4812 est

792 4868 856 4935 αδτι)
872 4866 931 4940 γὰρ
949 4867 964 4936 ἢ
981 4870 1101 4940 φέροντα
1120 4870 1185 4924 θοὸν
1202 4870 1231 4922 iv
1250 4867 1390 4940 ἀγκάλαις,

453 4990 504 5044 ago
523 4989 557 5030 ex
572 4974 596 5027 B
614 4975 724 5030 enotavi
742 4973 757 5042 ι)
774 4977 829 5048 γὰρ
848 4980 969 5048 φέρουσα
988 4981 1031 5031 τὸν
1044 4978 1110 5032 triv
1127 4983 1183 5040 τοῖς
1199 4978 1333 5050 ἀγκάλαις
1342 4977 1512 5047 (Ducaugius
1521 4975 1607 5031 edidit
1625 4974 1669 5028 τὸν
1689 4975 1754 5030 θεὸν
1771 4976 1800 5026 iv
1818 4971 1972 5043 ἀγκάλαις),
1991 4977 2019 5024 et
2037 4969 2078 5023 ita
2095 4975 2172 5023 recte

452 5079 525 5119 nunc
542 5064 706 5131 impressum
724 5073 766 5120 est
785 5080 845 5120 cum
863 5068 892 5121 in
911 5066 1025 5139 Georgii
1042 5067 1155 5123 Pisidae
1172 5068 1292 5124 editione
1311 5067 1459 5124 novissima
1475 5081 1502 5134 p.
1515 5067 1583 5121 1767
1601 5075 1659 5120 tum
1678 5065 1706 5119 in
1725 5063 1886 5132 anthologia
1903 5059 2040 5116 Parisino.
2085 5057 2169 5113 etiam

452 5151 488 5208 ad
507 5170 531 5206 ι.
550 5153 568 5206 9
586 5152 725 5208 meliorem
739 5152 763 5205 B
781 5169 863 5222 quem
881 5155 968 5212 codex
985 5155 1129 5211 Palatinus
1148 5157 1315 5226 scripturam
1332 5155 1467 5224 praebet,
1495 5169 1576 5222 quam
1594 5152 1754 5222 Ducangias
1772 5157 1951 5220 corruperat,
1970 5145 2169 5204 Boissonadius

453 5237 585 5295 restituit.
